2594 3925
358 196 434 276 58
764 204 1125 263 CORNELII
1164 210 1254 261 TA
1264 202 1427 261 etr]
1455 203 1883 262 ANNALIUM
1998 194 2080 283 [A.
2090 221 2146 263 u.
2154 220 2205 263 c.
2239 210 2373 283 767·

357 369 701 446 stipendium
736 371 896 442 foret,
925 390 1001 430 ne
1041 371 1291 430 veterani
1334 371 1443 429 sub
1482 355 1689 430 vexillo
1730 370 2094 430 haberentur.
2176 369 2257 429 ad
2289 388 2368 430 ea

354 466 578 527 Drusus
617 487 750 527 cum
792 469 1083 527 arbitrium
1124 478 1359 528 senatus
1400 478 1457 527 et
1499 468 1676 544 patris
1719 467 2071 540 onet,
2100 467 2363 528 clamore

354 568 625 625 turbatur.
689 585 789 625 cur
849 567 1094 626 venisset
1153 585 1345 646 neque
1407 566 1691 642 augendis
1753 566 1997 625 militum
2060 565 2366 642 stipendiis
2400 579 2444 624 3

353 682 541 741 neque
581 664 905 724 adlevandis
952 665 1258 737 laboribuS,
1304 665 1549 742 denique
1597 662 1754 722 nulla
1801 666 1951 723 bene
1995 663 2240 722 faciendi
2293 663 2364 720 li-

301 787 327 835 5
351 763 576 821 centia?
658 774 714 821 at
753 763 982 823 hercule
1021 765 1257 822 verbera
1289 773 1346 822 et
1383 781 1591 822 necem
1634 763 1856 822 cunctis
1897 763 2162 841 permitti.
2247 761 2363 820 Ti·
2394 774 2443 819 4

353 861 575 918 berium
628 860 765 920 olim
819 862 1055 920 nomine
1109 862 1355 937 Augusti
1412 861 1692 945 desideria
1748 861 2045 937 legionum
2106 859 2366 917 frustrari

355 958 620 1017 solitum:
665 959 898 1018 easdem
949 970 1096 1017 artes
1143 959 1400 1017 Drusum
1446 960 1743 1020 rettulisse.
1828 975 2224 1036 numquamne
2280 956 2363 1014 ad
2393 969 2436 1014 5

355 1074 415 1114 se
450 1057 559 1114 nisi
591 1057 735 1114 filios
772 1057 1112 1115 familiarum
1145 1058 1453 1117 venturos?
1495 1076 1710 1117 novum
1751 1058 1810 1116 id
1848 1058 2021 1135 plane
2058 1053 2216 1132 quod
2248 1054 2365 1112 im-

352 1163 581 1230 perator
623 1155 743 1214 sola
783 1155 975 1214 militis
1017 1156 1331 1215 commoda
1373 1155 1450 1214 ad
1499 1166 1766 1215 senatum³
1811 1156 2018 1216 reiciat.
2102 1152 2364 1211 eundem
2388 1169 2434 1214 6

277 1275 336 1311 10
354 1271 494 1327 ergo
542 1263 805 1311 senatum
852 1253 1288 1325 consulendum,
1338 1255 1604 1330 quotiens
1651 1255 1934 1331 supplicia
1983 1261 2082 1312 aut
2137 1251 2363 1327 proelia

352 1351 711 1411 indicantur:
771 1370 847 1411 an
900 1354 1159 1429 praemia
1213 1353 1323 1412 sub
1377 1353 1646 1426 dominis,
1696 1371 1917 1430 poenas
1967 1352 2092 1411 sine
2140 1351 2361 1437 arbitro

356 1450 529 1508 esse?

342 1594 345 1599 .
437 1553 536 1608 2¹7.
580 1547 882 1608 Postremo
931 1550 1198 1610 deserunt
1245 1550 1510 1622 tribunal,
1548 1560 1628 1632 ΕΞ
1677 1551 1809 1631 quis
1863 1549 2362 1627 praetorianorum

353 1646 596 1723 militum
636 1649 1024 1707 amicorumve
1068 1647 1334 1708 Caesaris
1367 1658 1705 1733 occurreret,
1745 1665 1953 1706 manus
1992 1648 2361 1729 intentante8‚

278 1767 336 1816 15
358 1761 593 1802 causam
636 1745 952 1805 discordiae
995 1756 1052 1804 et
1089 1747 1316 1805 initium
1351 1765 1663 1819 armorum,
1698 1747 1950 1805 maxime
1991 1745 2201 1803 infensi
2246 1743 2356 1804 Cn.

355 1842 617 1915 Lentulo,
666 1844 824 1920 quod
877 1845 952 1913 is,
979 1854 1112 1904 ante
1167 1845 1311 1904 alios
1367 1855 1550 1904 aetate
1606 1856 1664 1904 et
1717 1843 1901 1922 gloria
1949 1843 2082 1902 belli
2101 1843 2361 1923 ‚firmare

353 1939 610 2000 Drusum
649 1928 982 2002 credebatur
1022 1953 1080 2003 et
1117 1943 1212 2003 illa
1250 1944 1481 2004 militiae
1523 1943 1741 2021 flagitia
1780 1943 1999 2020 primus
2042 1942 2359 2019 aspernari.

355 2058 464 2098 nec
505 2041 687 2100 multo
728 2052 860 2117 post
898 2041 1314 2119 digredientem
1357 2061 1492 2102 cum
1527 2041 1777 2102 Caesare
1820 2060 1890 2100 ac
1934 2041 2167 2116 provisu
2204 2039 2359 2116 peri·
2387 2057 2421 2102 2

354 2138 466 2197 culi
506 2138 742 2198 hiberna
783 2149 968 2197 castra
1007 2150 1362 2216 repetentem
1402 2140 1841 2210 circumsistunt,
1883 2139 2197 2214 rogitantes
2238 2155 2360 2214 quo

277 2258 338 2294 20
355 2246 632 2313 pergeret,
667 2237 741 2294 ad
773 2238 1178 2313 imperatorem
1217 2257 1293 2296 an
1331 2238 1405 2297 ad
1442 2249 1651 2314 patreS,
1680 2247 1744 2295 ut
1778 2236 1889 2295 illic
1926 2253 2156 2313 quoque
2193 2253 2357 2294 com·

355 2334 544 2392 modis
592 2334 885 2410 legionum
933 2336 1354 2408 adversaretur3
1401 2337 1568 2394 simul
1615 2337 1902 2412 ingruupt,
1946 2352 2087 2392 saxa
2127 2334 2356 2393 iaciunt.

248 2497 251 2502 .
354 2433 583 2507 iamque
625 2432 830 2509 lapidis
872 2434 988 2492 ictu
1029 2445 1296 2493 cruentus
1338 2443 1395 2493 et
1440 2435 1595 2493 exitii
1644 2444 1831 2493 certus
1876 2433 2126 2492 adcursu
2165 2430 2357 2490 multi·
2383 2450 2416 2496 3

358 2530 567 2588 tudinis
609 2549 758 2607 quae
801 2550 938 2592 cum
979 2531 1174 2591 Druso
1217 2533 1529 2591 advenerat
1568 2541 1860 2609 protectus
1900 2542 2003 2590 est.

438 2636 542 2688 28.
585 2628 839 2689 Noctem
879 2630 1163 2689 minacem
1199 2633 1258 2689 ‘et
1285 2631 1349 2689 in
1385 2632 1574 2690 scelus
1610 2640 1936 2707 erupturam
1977 2629 2095 2688 fors
2127 2628 2352 2699 lenivit:

279 2751 336 2801 ²5
357 2745 493 2786 nam
536 2728 672 2785 luna
728 2729 884 2787 claro
938 2738 1172 2805 repente
1225 2730 1391 2788 caelo
1441 2731 1563 2787 visa
1610 2730 2003 2805 languescere.
2084 2726 2146 2785 id
2193 2726 2355 2785 miles
2379 2744 2413 2791 2

353 2826 585 2890 rationis
641 2826 870 2902 ignarus
926 2845 1102 2885 omen
1156 2827 1547 2903 praesentium
1603 2828 1839 2904 accepit,
1889 2828 2007 2884 suis
2061 2824 2352 2883 laboribus

357 2924 736 2983 defectionem
771 2925 966 2984 sideris
994 2925 1364 2997 adsimulanS,
1395 2943 1784 3006 prospereque
1812 2942 2044 2984 cessura
2076 2941 2191 2999 qua
2229 2940 2352 2999 per-

355 3032 570 3099 gerent,
617 3023 663 3081 si
712 3023 901 3099 fulgor
943 3034 1000 3082 et
1043 3024 1324 3084 claritudo
1369 3023 1512 3083 deae
1559 3024 1903 3082 redderetur.
1986 3022 2156 3098 igitur
2210 3021 2353 3079 aeris
2377 3037 2410 3083 3

357 3138 520 3193 sono,
552 3122 817 3182 tubarum
863 3140 1260 3197 cornuumque
1304 3131 1591 3181 concentu
1619 3131 1904 3197 strepere:
1949 3129 2122 3196 prout
2164 3117 2351 3194 splen-

278 3241 342 3288 30
357 3218 541 3278 didior
584 3219 961 3288 obscuriorve,
1003 3218 1195 3277 laetari
1245 3229 1344 3277 aut
1390 3237 1683 3292 maerere;
1730 3228 1787 3276 et
1835 3225 2149 3295 postquam
2196 3227 2352 3276 ortae

357 3318 540 3375 nubes
581 3316 830 3375 offecere
870 3317 1012 3374 visui
1053 3317 1448 3394 creditumque
1482 3317 1777 3377 conditam
1819 3318 2087 3386 tenebriS,
2121 3324 2183 3374 ut
2225 3324 2353 3374 sunt

358 3414 600 3473 mobiles
628 3415 703 3472 ad
731 3414 1190 3490 superstitionem
1228 3416 1529 3493 perculsae
1564 3415 1743 3476 semel
1772 3425 2017 3486 menteS,
2047 3414 2154 3472 sibi
2180 3422 2352 3472 aeter-

358 3530 501 3571 num
548 3512 808 3571 laborem
861 3513 1142 3589 portendi,
1197 3532 1304 3574 sua
1349 3514 1602 3576 facinora
1650 3514 1897 3573 aversari
1947 3514 2090 3573 deos
2133 3512 2351 3571 lamen-
