2594 3925
400 218 475 274 66
809 224 1170 276 CORNELII
1211 225 1301 273 TA
1314 224 1391 273 CI
1395 224 1473 273 TI
1504 224 1926 273 ANNALIUM
2039 212 2249 294 [A.U.c.
2284 223 2404 286 767.

401 382 600 442 bernio
642 383 937 460 legionum
986 382 1240 454 eductus,
1276 400 1448 458 quem
1485 380 1711 440 militari
1744 381 2028 442 vocabulo
2071 382 2404 458 Caligulam

401 481 781 556 appellabant,
806 483 961 557 .quia
997 482 1333 557 plerumque
1376 481 1449 539 ad
1493 480 1858 540 concilianda
1898 481 2051 557 vulgi
2093 481 2283 539 studia
2324 498 2401 538 eo

404 580 656 655 tegmine
703 579 919 657 pedum
966 581 1322 640 induebatur.
1407 580 1511 639 sed
1559 579 1697 638 nihil
1760 597 1945 655 aeque
2001 579 2162 640 flexit
2217 595 2402 655 quam
2432 585 2477 631 4

402 675 612 736 invidia
653 679 714 737 in
747 679 1066 738 Treveros:
1125 689 1293 738 orant
1338 678 1638 750 obsistunt,
1680 678 1892 738 rediret
1941 686 2219 749 maneret,
2263 694 2402 753 pars

349 800 376 847 5
401 776 757 855 Agrippinae
807 787 1199 850 occursanteS,
1249 778 1481 856 plurImi
1535 780 1610 839 ad
1661 777 2077 838 Germanicum
2131 776 2403 853 regressi.

402 874 564 951 isque
612 886 676 935 ut
730 887 853 936 erat
908 895 1109 937 recens
1167 878 1366 938 dolore
1416 888 1475 936 et
1530 878 1629 951 ira,
1680 877 1838 955 apud
1893 875 2271 937 circumfusos
2321 876 2405 933 ita
2432 882 2471 928 5

403 976 613 1051 coepit.
782 971 787 978 ’

481 1081 586 1132 42.
631 1078 646 1105 ‘
667 1073 809 1131 Non
850 1073 989 1132 mihi
1027 1092 1173 1134 uxor
1214 1084 1312 1134 aut
1352 1075 1498 1134 filius
1532 1085 1696 1150 patre
1738 1084 1796 1134 et
1831 1095 1893 1135 re
1934 1075 2170 1152 publica
2209 1074 2406 1133 cario-

399 1189 490 1230 res
532 1181 681 1242 sunt,
719 1171 822 1230 sed
862 1172 1022 1230 illum
1061 1174 1296 1249 quidem
1349 1192 1452 1232 sua
1499 1174 1785 1245 maiestaS,
1829 1175 2133 1251 imperium
2176 1173 2405 1231 Roma-

327 1287 544 1327 Ionum
584 1270 759 1328 ceteri
794 1271 1077 1330 exercitus
1117 1271 1444 1330 defendent.
1531 1271 1839 1348 coniugem
1872 1281 1929 1330 et
1967 1272 2176 1330 liberos
2214 1288 2403 1340 meOS,
2431 1275 2468 1320 8

402 1385 548 1443 quos
581 1385 688 1443 pro
723 1368 904 1444 gloria
938 1378 1126 1427 vestra
1161 1369 1347 1429 libens
1381 1368 1457 1427 ad
1486 1369 1722 1428 exitium
1753 1370 2039 1442 offerrem,
2069 1389 2224 1428 nunc
2262 1388 2403 1446 pro-

401 1465 494 1523 cul
537 1485 572 1524 a
612 1466 922 1525 furentibus
977 1484 1332 1539 summoveo,
1375 1477 1453 1540 ut,
1493 1468 1770 1545 quidquid
1817 1469 1969 1528 istud
2019 1469 2249 1527 sceleris
2292 1470 2403 1526 im-

400 1563 596 1634 minet,
640 1581 774 1623 meo
830 1573 1049 1624 tantum
1101 1567 1381 1643 sanguine
1433 1567 1635 1643 pietur,
1679 1585 1825 1626 neve
1874 1567 2101 1626 occisus
2148 1566 2405 1643 Augusti

401 1679 713 1739 pronepos,
762 1662 1058 1723 interfecta
1102 1664 1320 1724 Tiberii
1368 1683 1545 1723 nurus
1594 1666 1957 1725 nocentiores
2004 1683 2109 1724 vos
2163 1664 2404 1724 faciant.

329 1783 382 1835 15
403 1760 542 1837 quid
600 1763 758 1820 enim
815 1781 918 1838 per
976 1762 1084 1822 hos
1143 1764 1266 1822 dies
1330 1764 1596 1823 inausum
1658 1765 2129 1824 intemeratumve
2197 1764 2406 1823 vobis?
2433 1775 2467 1820 3

400 1859 559 1936 quod
614 1878 835 1919 nomen
890 1861 1022 1921 huic
1074 1863 1264 1921 coetui
1320 1854 1513 1922 dabo?
1596 1863 1880 1922 militesne
1935 1863 2242 1940 appellem,
2301 1862 2405 1938 qui
2428 1870 2468 1914 4

403 1959 580 2017 filium
620 1959 976 2036 imperatoris
1019 1961 1188 2019 vestri
1228 1961 1376 2021 vallo
1424 1970 1482 2020 et
1530 1961 1704 2036 armis
1754 1961 2239 2021 circumsedistis?
2324 1980 2405 2021 an

403 2058 571 2129 civeS,
636 2059 845 2133 quibus
910 2071 1028 2118 tam
1086 2060 1339 2142 proiecta
1401 2068 1633 2119 senatus
1695 2062 2047 2120 auctoritas?
2143 2060 2403 2118 hostium

403 2174 634 2233 quoque
675 2158 764 2215 ius
805 2167 862 2216 et
905 2176 1068 2216 sacra
1109 2158 1411 2234 legationis
1453 2168 1509 2217 et
1551 2158 1638 2217 fas
1680 2160 1938 2235 gentium
1979 2158 2223 2235 rupistis.
2311 2158 2403 2216 di-
2426 2166 2463 2212 5

328 2279 386 2313 20
403 2272 507 2313 vus
548 2254 727 2312 Iulius
770 2256 1107 2315 seditionem
1150 2256 1433 2315 exercitus
1474 2259 1650 2314 verbo
1691 2274 1812 2315 uno
1846 2257 2217 2333 compescuit,
2250 2254 2402 2327 Qui-

403 2354 536 2411 rites
596 2354 861 2412 vocando
921 2355 1019 2430 qui
1081 2363 1503 2413 sacramentum
1561 2354 1684 2412 eius
1743 2354 2169 2413 detrectabant:
2211 2342 2401 2412 'divus

403 2452 700 2527 Augustus
743 2452 897 2510 vultu
940 2461 996 2510 et
1039 2463 1278 2529 aspectu
1325 2453 1593 2511 Actiacas
1640 2452 1899 2529 legiones
1937 2452 2244 2511 exterruit:
2286 2470 2402 2511 nos

401 2560 465 2609 ut
505 2549 764 2608 nondum
807 2549 1059 2622 eosdem,
1097 2541 1187 2610 ita¹
1216 2569 1290 2608 ex
1333 2550 1439 2609 illis
1480 2559 1639 2609 ortos
1683 2551 1729 2608 si
1773 2551 2093 2625 Hispaniae
2129 2549 2400 2633 Suriaeve

403 2649 567 2708 miles
615 2659 1027 2724 aspernaretur,
1085 2658 1279 2708 tamen
1329 2649 1535 2705 mirum
1587 2658 1643 2706 et
1698 2647 2001 2724 indignum
2058 2658 2194 2734 erat.
2280 2648 2401 2724 pri·
2427 2656 2466 2702 6

328 2769 388 2821 25
405 2765 578 2806 mane
619 2756 675 2805 et
722 2746 1035 2805 vicensima
1081 2746 1357 2822 legioneS,
1403 2746 1496 2803 illa
1538 2745 1715 2821 signis
1761 2764 1795 2803 a
1839 2745 2073 2805 Tiberio
2128 2748 2398 2823 acceptiS,

404 2857 466 2905 tu
514 2855 599 2904 tot
643 2844 991 2921 proeliorum
1033 2846 1207 2915 socia,
1251 2853 1337 2903 tot
1384 2843 1652 2919 praemiis
1699 2854 1881 2915 aucta,
1926 2846 2220 2923 egregiam
2265 2846 2401 2905 duci

403 2955 609 3004 vestro.
648 2942 891 3020 gratiam
947 2942 1209 3002 refertis?
1307 2942 1461 3002 hunc
1522 2961 1635 3019 ego
1696 2943 1960 3001 nuntium
2021 2944 2185 3019 patri,
2248 2943 2400 3004 laeta
2422 2955 2458 3004 ⁷

403 3043 598 3102 omnia
651 3042 774 3101 aliis
829 3060 864 3100 e
917 3039 1224 3117 provinciis
1279 3040 1549 3110 audienti,
1605 3040 1824 3100 feram?
1933 3042 2111 3118 ipsius
2163 3040 2395 3115 tirones,

400 3144 578 3220 ipsius
626 3151 926 3200 veteranos
971 3156 1094 3198 non
1148 3138 1443 3210 missione,
1494 3156 1615 3197 non
1670 3140 1917 3215 pecunia
1975 3140 2244 3211 satiatos;
2301 3140 2397 3201 hic

327 3267 388 3315 30
404 3253 627 3303 tantum
680 3241 918 3301 interfici
975 3239 1354 3309 centuriones,
1410 3239 1516 3297 eici
1568 3239 1837 3311 tribunoS,
1893 3239 2107 3297 includi
2158 3239 2394 3316 legatoS,

403 3341 612 3401 infecta
656 3341 933 3416 sanguine
983 3348 1171 3397 castra
1215 3336 1469 3412 flumina,
1512 3356 1722 3416 meque
1765 3339 2086 3416 precariam
2135 3339 2393 3399 animam

403 3442 549 3498 inter
575 3442 833 3499 infensos
874 3438 1114 3499 trahere.
1861 3419 1920 3434 Ἦ
1979 3429 1988 3434 ’

386 3570 393 3575 -
484 3544 585 3597 43.
629 3544 643 3569 ‘
662 3538 780 3599 Cur
807 3538 960 3597 enim
986 3538 1176 3616 primo
1206 3537 1494 3599 contionis
1525 3538 1616 3597 die
1647 3537 1859 3598 ferrum
1881 3536 2035 3610 illud,
2065 3536 2224 3617 quod
2254 3556 2392 3618 pec-
