2594 3925
168 239 293 279 mn.
323 216 428 299 20.]
739 229 971 278 LlBER
1010 230 1122 280 [Π.
1194 230 1346 279 CAP.
1397 236 1610 296 27-31·
2067 238 2178 293 143

170 388 298 445 eius
328 387 491 445 modi
533 406 734 464 preces
770 388 979 447 occulti
1018 388 1383 447 inluderent:
1428 407 1496 448 ac
1539 393 1734 449 tamen
1777 389 1935 447 initia
1970 386 2182 462 fastigii

170 487 526 546 Caesaribus
567 498 729 546 erant
765 489 1067 564 magisque
1110 489 1170 546 in
1211 489 1397 548 oculis
1426 499 1589 547 vetus
1630 508 1776 560 mos,
1808 499 1864 547 et
1905 487 2182 566 privignis

172 604 312 643 cum
344 586 545 643 vitrico
575 585 749 643 levior
779 587 1146 645 necessitudo
1177 605 1356 663 quam
1397 595 1504 645 avo
1549 588 1851 646 adversum
1892 596 2181 663 nepotem.

111 695 145 740 3
174 684 406 741 additur
459 684 828 760 pontificatus
892 693 950 742 et
1005 702 1122 759 quo
1191 684 1443 760 primum
1500 685 1594 743 die
1649 685 1836 744 forum
1894 686 2185 761 ingressus
2242 758 2253 780 ἢ

174 793 261 840 est
331 784 693 857 congiarium
758 783 912 859 plebi
974 782 1293 840 admodum
1358 784 1560 856 laetae,
1623 784 1782 860 quod
1855 783 2185 842 Germanici
2210 804 2236 852 5

109 892 149 936 4
176 881 418 957 stirpem
467 882 582 938 iam
628 882 909 956 puberem
959 882 1289 957 aspiciebat.
1374 893 1606 941 auctum
1652 882 1862 941 dehinc
1912 882 2186 955 gaudium

112 990 147 1034 5
176 980 393 1056 nuptiis
441 978 694 1037 Neronis
737 990 794 1037 et
835 979 1013 1037 Iuliae
1057 980 1231 1038 Drusi
1273 980 1438 1039 filiae.
1523 993 1701 1058 utque
1742 982 1887 1040 haec
1931 980 2187 1039 secundo

176 1087 428 1150 rumore,
486 1078 564 1135 ita
621 1077 870 1136 adversis
927 1079 1135 1138 animis
1193 1090 1516 1156 acceptum,
1543 1082 1733 1156 quod
1789 1080 1905 1137 filio
1964 1078 2189 1137 Claudii

114 1188 152 1234 6
183 1194 349 1235 socer
402 1176 646 1235 Seianus
702 1176 1094 1236 destinaretur.
1199 1178 1473 1254 polluisse
1523 1157 1884 1238 nobilitatem
1942 1178 2188 1236 familiae
2273 1200 2281 1230 ο

181 1276 483 1335 videbatur
546 1284 992 1352 suspectumque
1052 1276 1171 1335 iam
1238 1277 1454 1335 nimiae
1518 1278 1644 1354 spei
1709 1276 1981 1335 Seianum
2044 1276 2189 1333 ultra
2212 1298 2270 1333 10

184 1375 472 1434 extulisse.
823 1378 826 1381 ’

263 1482 370 1535 30.
428 1474 574 1532 Fine
626 1475 763 1532 anni
811 1493 1154 1534 concessere
1197 1475 1312 1532 vita
1364 1474 1623 1551 insignes
1663 1473 1767 1531 viri
1816 1474 1883 1532 L.
1915 1475 2189 1533 Volusius

122 1582 158 1627 2
186 1583 240 1632 et
297 1573 596 1632 Sallustius
656 1573 912 1650 CrispuS.
997 1572 1242 1630 Volusio
1289 1582 1450 1631 vetus
1502 1572 1716 1631 familia
1759 1592 1948 1648 neque
1997 1584 2192 1632 tamen

185 1682 512 1749 praeturam
555 1691 821 1748 egressa:
862 1673 1019 1748 ipse.
1050 1672 1414 1729 consulatum
1457 1671 1661 1741 intulit,
1705 1673 1968 1730 censoria
2018 1673 2192 1731 etiam

186 1780 472 1847 potestate
514 1770 777 1845 legendis
821 1770 1077 1845 equitum
1123 1768 1367 1827 decuriis
1417 1768 1661 1840 functuS‚
1706 1788 2017 1847 opumque,
2063 1770 2191 1846 quis
2215 1792 2269 1841 15

124 1884 158 1929 3
189 1871 398 1929 domus
434 1869 531 1927 illa
565 1869 895 1927 inmensum
929 1868 1123 1944 viguit,
1164 1868 1382 1943 primus
1425 1869 1836 1927 adcumulator.
1921 1868 2195 1946 Crispum

188 1970 439 2046 equestri
469 1979 660 2027 ortum
703 1970 834 2027 loco
875 1966 942 2026 C.
976 1967 1290 2038 SallustiuS‚
1323 1986 1512 2026 rerum
1557 1968 1955 2028 Romanarum
1981 1969 2193 2027 floren-

124 2077 162 2122 4
188 2069 443 2126 tissimus
489 2077 703 2136 auctor,
748 2067 962 2125 sororis
1003 2075 1281 2141 nepotem
1320 2066 1381 2124 in
1426 2085 1645 2124 nomen
1686 2067 1941 2126 adscivit.
2024 2076 2194 2144 atque

188 2166 299 2237 ille,
358 2183 716 2242 quamquam
771 2174 1044 2241 prompto
1107 2165 1182 2222 ad
1250 2165 1644 2239 capessendos
1707 2165 1955 2225 honores
2019 2166 2192 2235 aditu,

188 2264 597 2322 Maecenatem
629 2263 943 2321 aemulatus
974 2263 1098 2320 sine
1129 2262 1406 2339 dignitate
1437 2263 1722 2322 senatoria
1752 2265 1963 2322 multos
1996 2258 2277 2321 trium-'20

188 2363 453 2440 phalium
495 2361 996 2437 consulariumque
1040 2361 1301 2436 potentia
1345 2362 1559 2432 anteiit,
1589 2361 1845 2420 diversus
1879 2381 1914 2419 a
1942 2358 2196 2420 veterum

189 2462 457 2519 instituto
497 2479 602 2536 per
644 2461 859 2518 cultum
898 2468 954 2516 et
989 2459 1302 2518 munditias
1338 2460 1620 2536 copiaque
1659 2469 1713 2518 et
1752 2460 2021 2517 afluentia
2060 2461 2199 2518 luxu

128 2581 163 2627 5
193 2561 455 2637 propior.
539 2560 770 2617 suberat
798 2568 993 2617 tamen
1022 2559 1186 2634 vigor
1215 2559 1393 2616 animi
1423 2559 1752 2634 ingentibus
1790 2558 2037 2634 negotiis
2078 2577 2197 2634 par,

129 2679 164 2723 6
194 2678 269 2719 eo
304 2659 507 2728 acrior,
538 2676 654 2734 quo
686 2675 958 2716 somnum
987 2667 1043 2715 et
1071 2657 1335 2716 inertiam
1374 2658 1561 2734 magis
1602 2659 1944 2715 ostentabat.
2032 2657 2200 2732 igitur

194 2757 474 2816 incolumi
517 2755 861 2831 Maecenate
906 2756 1221 2832 proximuS,
1266 2774 1406 2814 mox
1457 2756 1801 2833 praecipuus
1845 2756 1936 2813 cui
1980 2765 2197 2813 secreta
2219 2777 2276 2826 25

195 2857 607 2933 imperatorum
651 2856 1024 2913 inniterentur
1066 2865 1124 2913 et
1165 2855 1549 2914 interficiendi
1597 2854 1859 2912 Postumi
1901 2854 2198 2928 Agrippae

195 2956 482 3024 consciuS‚
533 2963 719 3012 aetate
775 2963 1046 3030 provecta
1093 2954 1351 3029 speciem
1401 2953 1588 3028 magis
1634 2953 1696 3010 in
1746 2951 1998 3010 amicitia
2042 2952 2198 3027 prin-

134 3076 167 3125 7
196 3055 339 3131 cipis
383 3071 559 3129 quam
600 3053 717 3109 vim
757 3052 955 3110 tenuit.
1041 3051 1214 3128 idque
1257 3062 1316 3110 et
1359 3051 1687 3109 Maecenati
1730 3051 2034 3121 acciderat,
2079 3049 2197 3108 fato

198 3144 486 3231 potentiae
550 3170 676 3209 raro
727 3152 1129 3227 sempiternae,
1182 3169 1258 3208 an
1309 3151 1481 3208 satias
1532 3149 1685 3225 capit
1730 3158 1826 3205 aut
1870 3148 2013 3218 illos,
2066 3165 2199 3205 cum

199 3252 399 3311 omnia
426 3251 759 3321 tribuerunt,
796 3258 892 3307 aut
924 3249 1048 3318 hos,
1081 3266 1213 3306 cum
1256 3248 1374 3305 iam
1408 3248 1548 3306 nihil
1589 3248 1869 3324 reliquum
1914 3256 1999 3304 est
2042 3245 2199 3321 quod
2218 3268 2280 3315 30

197 3351 447 3426 cupiant.

280 3455 370 3507 31.
431 3447 696 3522 Sequitur
738 3445 939 3503 Tiberi
991 3454 1240 3522 quartus,
1290 3444 1464 3503 Drusi
1510 3444 1799 3504 secundus
1850 3443 2196 3514 consulatus,

198 3547 375 3626 patris
418 3556 592 3623 atque
637 3545 737 3603 filii
779 3545 1021 3622 collegio
1064 3543 1324 3619 insignis,
1408 3562 1547 3602 nam
1589 3542 1832 3601 triennio
1874 3550 2006 3600 ante
2050 3540 2198 3599 Ger-
