<?xml version="1.0" encoding="UTF-8"?>
<!DOCTYPE html PUBLIC "-//W3C//DTD XHTML 1.0 Transitional//EN"
    "http://www.w3.org/TR/xhtml1/DTD/xhtml1-transitional.dtd">
<html xmlns="http://www.w3.org/1999/xhtml" xml:lang="en" lang="en">
 <head>
  <title>
</title>
<meta http-equiv="Content-Type" content="text/html;charset=utf-8" />
  <meta name='ocr-system' content='tesseract 3.04.00' />
  <meta name='ocr-capabilities' content='ocr_page ocr_carea ocr_par ocr_line ocrx_word'/>
</head>
<body>
  <div class='ocr_page' id='page_1' title='image "./annalium00tacigoog_0132.png"; bbox 0 0 2594 3925; ppageno 0'>
   <div class='ocr_carea' id='block_1_1' title="bbox 351 218 2343 301">
    <p class='ocr_par' dir='ltr' id='par_1_1' title="bbox 351 218 2343 301">
     <span class='ocr_line' id='line_1_1' title="bbox 351 218 2343 301; baseline 0.003 -26"><span class='ocrx_word' id='word_1_1' title='bbox 351 222 487 298; x_wconf 11' lang='lat'>1187</span> <span class='ocrx_word' id='word_1_2' title='bbox 795 227 1159 276; x_wconf 80' lang='lat' dir='ltr'><em>CORNELII</em></span> <span class='ocrx_word' id='word_1_3' title='bbox 1202 228 1289 276; x_wconf 85' lang='lat' dir='ltr'>TA</span> <span class='ocrx_word' id='word_1_4' title='bbox 1302 228 1464 277; x_wconf 70' lang='grc' dir='ltr'>σιτ]</span> <span class='ocrx_word' id='word_1_5' title='bbox 1495 229 1918 277; x_wconf 75' lang='lat' dir='ltr'><em>ANNALJUM</em></span> <span class='ocrx_word' id='word_1_6' title='bbox 1996 218 2074 301; x_wconf 82' lang='lat' dir='ltr'>[A.</span> <span class='ocrx_word' id='word_1_7' title='bbox 2089 239 2204 281; x_wconf 73' lang='lat' dir='ltr'>uc.</span> <span class='ocrx_word' id='word_1_8' title='bbox 2238 242 2343 294; x_wconf 79' lang='lat'>77²·</span> 
     </span>
    </p>
   </div>
   <div class='ocr_carea' id='block_1_2' title="bbox 262 385 2432 3593">
    <p class='ocr_par' dir='ltr' id='par_1_2' title="bbox 345 385 2347 560">
     <span class='ocr_line' id='line_1_2' title="bbox 345 385 2347 456; baseline 0.002 -13"><span class='ocrx_word' id='word_1_9' title='bbox 345 386 672 444; x_wconf 90' lang='lat' dir='ltr'>Danuvium</span> <span class='ocrx_word' id='word_1_10' title='bbox 701 385 845 443; x_wconf 90' lang='lat' dir='ltr'>ultra</span> <span class='ocrx_word' id='word_1_11' title='bbox 873 386 1017 444; x_wconf 89' lang='lat' dir='ltr'>inter</span> <span class='ocrx_word' id='word_1_12' title='bbox 1043 386 1283 444; x_wconf 90' lang='lat' dir='ltr'>flumina</span> <span class='ocrx_word' id='word_1_13' title='bbox 1314 385 1547 445; x_wconf 93' lang='lat' dir='ltr'>Marum</span> <span class='ocrx_word' id='word_1_14' title='bbox 1573 396 1630 445; x_wconf 91' lang='lat' dir='ltr'>et</span> <span class='ocrx_word' id='word_1_15' title='bbox 1658 386 1879 445; x_wconf 91' lang='lat' dir='ltr'>Cusum</span> <span class='ocrx_word' id='word_1_16' title='bbox 1905 388 2181 456; x_wconf 90' lang='lat' dir='ltr'>locantur,</span> <span class='ocrx_word' id='word_1_17' title='bbox 2213 389 2347 447; x_wconf 89' lang='lat' dir='ltr'>dato</span> 
     </span>
     <span class='ocr_line' id='line_1_3' title="bbox 345 483 1343 560; baseline 0.002 -20"><span class='ocrx_word' id='word_1_18' title='bbox 345 503 477 560; x_wconf 91' lang='lat' dir='ltr'>rege</span> <span class='ocrx_word' id='word_1_19' title='bbox 501 483 736 542; x_wconf 90' lang='lat' dir='ltr'>Vannio</span> <span class='ocrx_word' id='word_1_20' title='bbox 769 484 952 559; x_wconf 90' lang='lat' dir='ltr'>gentis</span> <span class='ocrx_word' id='word_1_21' title='bbox 983 483 1343 556; x_wconf 84' lang='lat' dir='ltr'><strong>Quadorum.</strong></span> 
     </span>
    </p>

    <p class='ocr_par' dir='ltr' id='par_1_3' title="bbox 344 581 2432 756">
     <span class='ocr_line' id='line_1_4' title="bbox 428 581 2349 657; baseline 0.001 -17"><span class='ocrx_word' id='word_1_22' title='bbox 428 588 531 641; x_wconf 85' lang='lat'>64.</span> <span class='ocrx_word' id='word_1_23' title='bbox 577 581 758 640; x_wconf 90' lang='lat' dir='ltr'>Simul</span> <span class='ocrx_word' id='word_1_24' title='bbox 806 582 1064 640; x_wconf 90' lang='lat' dir='ltr'>nuntiato</span> <span class='ocrx_word' id='word_1_25' title='bbox 1112 600 1313 657; x_wconf 91' lang='lat' dir='ltr'>regem</span> <span class='ocrx_word' id='word_1_26' title='bbox 1358 582 1635 640; x_wconf 86' lang='lat' dir='ltr'>Artaxian</span> <span class='ocrx_word' id='word_1_27' title='bbox 1678 582 1967 642; x_wconf 82' lang='lat' dir='ltr'><strong>Armeniis</strong></span> <span class='ocrx_word' id='word_1_28' title='bbox 2016 603 2051 642; x_wconf 93' lang='lat' dir='ltr'>a</span> <span class='ocrx_word' id='word_1_29' title='bbox 2101 582 2349 643; x_wconf 90' lang='lat' dir='ltr'>Germa·</span> 
     </span>
     <span class='ocr_line' id='line_1_5' title="bbox 344 679 2432 756; baseline 0.002 -21"><span class='ocrx_word' id='word_1_30' title='bbox 344 680 477 738; x_wconf 92' lang='lat' dir='ltr'>nico</span> <span class='ocrx_word' id='word_1_31' title='bbox 529 679 743 751; x_wconf 91' lang='lat' dir='ltr'>datum,</span> <span class='ocrx_word' id='word_1_32' title='bbox 789 679 1087 738; x_wconf 90' lang='lat' dir='ltr'>decrevere</span> <span class='ocrx_word' id='word_1_33' title='bbox 1134 689 1327 755; x_wconf 90' lang='lat' dir='ltr'>patres</span> <span class='ocrx_word' id='word_1_34' title='bbox 1372 690 1435 738; x_wconf 88' lang='lat' dir='ltr'>ut</span> <span class='ocrx_word' id='word_1_35' title='bbox 1480 679 1862 738; x_wconf 89' lang='lat' dir='ltr'>Germanicus</span> <span class='ocrx_word' id='word_1_36' title='bbox 1911 690 2081 756; x_wconf 88' lang='lat' dir='ltr'>atque</span> <span class='ocrx_word' id='word_1_37' title='bbox 2124 682 2351 741; x_wconf 89' lang='lat' dir='ltr'>Drusus</span> <span class='ocrx_word' id='word_1_38' title='bbox 2423 713 2432 722; x_wconf 93' lang='lat'><em>-</em></span> 
     </span>
    </p>

    <p class='ocr_par' dir='ltr' id='par_1_4' title="bbox 290 778 2410 1244">
     <span class='ocr_line' id='line_1_6' title="bbox 290 778 2408 849; baseline -0 -12"><span class='ocrx_word' id='word_1_39' title='bbox 290 800 317 849; x_wconf 85' lang='lat'>5</span> <span class='ocrx_word' id='word_1_40' title='bbox 343 786 578 837; x_wconf 90' lang='lat' dir='ltr'>ovantes</span> <span class='ocrx_word' id='word_1_41' title='bbox 605 779 811 836; x_wconf 91' lang='lat' dir='ltr'>urbem</span> <span class='ocrx_word' id='word_1_42' title='bbox 839 778 1146 836; x_wconf 85' lang='lat' dir='ltr'>introirent.</span> <span class='ocrx_word' id='word_1_43' title='bbox 1232 778 1430 836; x_wconf 89' lang='lat' dir='ltr'>structi</span> <span class='ocrx_word' id='word_1_44' title='bbox 1459 787 1516 836; x_wconf 90' lang='lat' dir='ltr'>et</span> <span class='ocrx_word' id='word_1_45' title='bbox 1550 796 1717 836; x_wconf 92' lang='lat' dir='ltr'>arcus</span> <span class='ocrx_word' id='word_1_46' title='bbox 1747 779 1962 837; x_wconf 90' lang='lat' dir='ltr'>circum</span> <span class='ocrx_word' id='word_1_47' title='bbox 1991 778 2172 838; x_wconf 89' lang='lat' dir='ltr'>latera</span> <span class='ocrx_word' id='word_1_48' title='bbox 2199 790 2350 838; x_wconf 87' lang='lat' dir='ltr'>tem·</span> <span class='ocrx_word' id='word_1_49' title='bbox 2377 793 2408 836; x_wconf 84' lang='lat'><strong>2</strong></span> 
     </span>
     <span class='ocr_line' id='line_1_7' title="bbox 343 874 2352 952; baseline 0.001 -18"><span class='ocrx_word' id='word_1_50' title='bbox 343 877 421 952; x_wconf 93' lang='lat' dir='ltr'>pli</span> <span class='ocrx_word' id='word_1_51' title='bbox 472 875 679 934; x_wconf 91' lang='lat' dir='ltr'>Martis</span> <span class='ocrx_word' id='word_1_52' title='bbox 729 876 947 934; x_wconf 91' lang='lat' dir='ltr'>Ultoris</span> <span class='ocrx_word' id='word_1_53' title='bbox 996 894 1132 933; x_wconf 91' lang='lat' dir='ltr'>cum</span> <span class='ocrx_word' id='word_1_54' title='bbox 1187 875 1375 951; x_wconf 91' lang='lat' dir='ltr'>effigie</span> <span class='ocrx_word' id='word_1_55' title='bbox 1435 874 1769 947; x_wconf 86' lang='lat' dir='ltr'>Caesarum,</span> <span class='ocrx_word' id='word_1_56' title='bbox 1819 875 2049 935; x_wconf 84' lang='lat' dir='ltr'>laetiore</span> <span class='ocrx_word' id='word_1_57' title='bbox 2093 876 2352 948; x_wconf 88' lang='lat' dir='ltr'>Tiberio,</span> 
     </span>
     <span class='ocr_line' id='line_1_8' title="bbox 342 973 2352 1050; baseline 0.002 -20"><span class='ocrx_word' id='word_1_58' title='bbox 342 974 476 1050; x_wconf 90' lang='lat' dir='ltr'>quia</span> <span class='ocrx_word' id='word_1_59' title='bbox 517 993 726 1050; x_wconf 87' lang='lat' dir='ltr'>pacem</span> <span class='ocrx_word' id='word_1_60' title='bbox 776 974 1054 1049; x_wconf 89' lang='lat' dir='ltr'>sapientia</span> <span class='ocrx_word' id='word_1_61' title='bbox 1096 974 1434 1043; x_wconf 90' lang='lat' dir='ltr'>firmaverat,</span> <span class='ocrx_word' id='word_1_62' title='bbox 1479 991 1656 1049; x_wconf 89' lang='lat' dir='ltr'>quam</span> <span class='ocrx_word' id='word_1_63' title='bbox 1697 973 1744 1032; x_wconf 93' lang='lat' dir='ltr'>si</span> <span class='ocrx_word' id='word_1_64' title='bbox 1790 973 2006 1032; x_wconf 91' lang='lat' dir='ltr'>bellum</span> <span class='ocrx_word' id='word_1_65' title='bbox 2045 993 2152 1050; x_wconf 92' lang='lat' dir='ltr'>per</span> <span class='ocrx_word' id='word_1_66' title='bbox 2195 977 2352 1034; x_wconf 90' lang='lat' dir='ltr'>acies</span> 
     </span>
     <span class='ocr_line' id='line_1_9' title="bbox 340 1070 2350 1149; baseline 0.001 -20"><span class='ocrx_word' id='word_1_67' title='bbox 340 1071 693 1130; x_wconf 89' lang='lat' dir='ltr'>confecisset.</span> <span class='ocrx_word' id='word_1_68' title='bbox 777 1072 947 1148; x_wconf 89' lang='lat' dir='ltr'>igitur</span> <span class='ocrx_word' id='word_1_69' title='bbox 996 1070 1420 1147; x_wconf 86' lang='lat' dir='ltr'>Rhescuporim</span> <span class='ocrx_word' id='word_1_70' title='bbox 1471 1089 1721 1148; x_wconf 89' lang='lat' dir='ltr'>quoque,</span> <span class='ocrx_word' id='word_1_71' title='bbox 1769 1070 2087 1130; x_wconf 88' lang='lat' dir='ltr'>Thraeciae</span> <span class='ocrx_word' id='word_1_72' title='bbox 2129 1090 2350 1149; x_wconf 85' lang='lat' dir='ltr'>regem,</span> 
     </span>
     <span class='ocr_line' id='line_1_10' title="bbox 339 1169 2410 1244; baseline 0.003 -18"><span class='ocrx_word' id='word_1_73' title='bbox 339 1180 464 1227; x_wconf 92' lang='lat' dir='ltr'>astu</span> <span class='ocrx_word' id='word_1_74' title='bbox 506 1170 853 1244; x_wconf 86' lang='lat' dir='ltr'>adgreditur.</span> <span class='ocrx_word' id='word_1_75' title='bbox 937 1187 1174 1229; x_wconf 91' lang='lat' dir='ltr'>omnem</span> <span class='ocrx_word' id='word_1_76' title='bbox 1218 1188 1349 1228; x_wconf 91' lang='lat' dir='ltr'>eam</span> <span class='ocrx_word' id='word_1_77' title='bbox 1391 1170 1690 1228; x_wconf 90' lang='lat' dir='ltr'>nationem</span> <span class='ocrx_word' id='word_1_78' title='bbox 1733 1169 2185 1229; x_wconf 86' lang='lat' dir='ltr'>Rhoemetalces</span> <span class='ocrx_word' id='word_1_79' title='bbox 2218 1181 2349 1229; x_wconf 92' lang='lat' dir='ltr'>ten-</span> <span class='ocrx_word' id='word_1_80' title='bbox 2378 1189 2410 1233; x_wconf 86' lang='lat'><strong>3</strong></span> 
     </span>
    </p>

    <p class='ocr_par' dir='ltr' id='par_1_5' title="bbox 266 1257 2414 1732">
     <span class='ocr_line' id='line_1_11' title="bbox 266 1257 2351 1343; baseline 0.002 -20"><span class='ocrx_word' id='word_1_81' title='bbox 266 1290 321 1323; x_wconf 83' lang='grc' dir='ltr'>ιο</span> <span class='ocrx_word' id='word_1_82' title='bbox 337 1277 497 1324; x_wconf 92' lang='lat' dir='ltr'>uerat</span> <span class='ocrx_word' id='word_1_83' title='bbox 515 1285 531 1338; x_wconf 84' lang='lat'><em>3</em></span> <span class='ocrx_word' id='word_1_84' title='bbox 588 1257 708 1343; x_wconf 69' lang='lat' dir='ltr'>&#39;quo</span> <span class='ocrx_word' id='word_1_85' title='bbox 757 1266 1029 1325; x_wconf 90' lang='lat' dir='ltr'>defuncto</span> <span class='ocrx_word' id='word_1_86' title='bbox 1076 1267 1375 1341; x_wconf 88' lang='lat' dir='ltr'>Augustus</span> <span class='ocrx_word' id='word_1_87' title='bbox 1426 1277 1653 1343; x_wconf 91' lang='lat' dir='ltr'>partem</span> <span class='ocrx_word' id='word_1_88' title='bbox 1695 1267 2029 1327; x_wconf 91' lang='lat' dir='ltr'>Thraecum</span> <span class='ocrx_word' id='word_1_89' title='bbox 2079 1268 2351 1328; x_wconf 90' lang='lat' dir='ltr'>Rhescu-</span> 
     </span>
     <span class='ocr_line' id='line_1_12' title="bbox 340 1362 2414 1442; baseline 0.004 -23"><span class='ocrx_word' id='word_1_90' title='bbox 340 1363 525 1439; x_wconf 91' lang='lat' dir='ltr'>poridi</span> <span class='ocrx_word' id='word_1_91' title='bbox 558 1362 713 1421; x_wconf 86' lang='lat' dir='ltr'>fratri</span> <span class='ocrx_word' id='word_1_92' title='bbox 744 1364 881 1434; x_wconf 82' lang='lat' dir='ltr'>eiuS,</span> <span class='ocrx_word' id='word_1_93' title='bbox 912 1373 1135 1441; x_wconf 89' lang='lat' dir='ltr'>partem</span> <span class='ocrx_word' id='word_1_94' title='bbox 1163 1364 1280 1421; x_wconf 90' lang='lat' dir='ltr'>filio</span> <span class='ocrx_word' id='word_1_95' title='bbox 1312 1363 1483 1441; x_wconf 91' lang='lat' dir='ltr'>Cotyi</span> <span class='ocrx_word' id='word_1_96' title='bbox 1512 1365 1783 1442; x_wconf 88' lang='lat' dir='ltr'>permisit.</span> <span class='ocrx_word' id='word_1_97' title='bbox 1869 1366 1931 1423; x_wconf 91' lang='lat' dir='ltr'>in</span> <span class='ocrx_word' id='word_1_98' title='bbox 1964 1383 2033 1423; x_wconf 90' lang='lat' dir='ltr'>ea</span> <span class='ocrx_word' id='word_1_99' title='bbox 2071 1365 2351 1426; x_wconf 90' lang='lat' dir='ltr'>divisione</span> <span class='ocrx_word' id='word_1_100' title='bbox 2376 1385 2414 1429; x_wconf 86' lang='lat'>4</span> 
     </span>
     <span class='ocr_line' id='line_1_13' title="bbox 339 1461 2348 1540; baseline 0.001 -22"><span class='ocrx_word' id='word_1_101' title='bbox 339 1480 473 1518; x_wconf 88' lang='lat' dir='ltr'>arva</span> <span class='ocrx_word' id='word_1_102' title='bbox 505 1471 562 1519; x_wconf 89' lang='lat' dir='ltr'>et</span> <span class='ocrx_word' id='word_1_103' title='bbox 602 1463 770 1520; x_wconf 91' lang='lat' dir='ltr'>urbes</span> <span class='ocrx_word' id='word_1_104' title='bbox 812 1471 869 1520; x_wconf 90' lang='lat' dir='ltr'>et</span> <span class='ocrx_word' id='word_1_105' title='bbox 901 1461 1088 1520; x_wconf 89' lang='lat' dir='ltr'>vicina</span> <span class='ocrx_word' id='word_1_106' title='bbox 1122 1461 1362 1520; x_wconf 88' lang='lat' dir='ltr'>Graecis</span> <span class='ocrx_word' id='word_1_107' title='bbox 1401 1462 1585 1538; x_wconf 87' lang='lat' dir='ltr'>Cotyi,</span> <span class='ocrx_word' id='word_1_108' title='bbox 1627 1463 1786 1540; x_wconf 92' lang='lat' dir='ltr'>quod</span> <span class='ocrx_word' id='word_1_109' title='bbox 1825 1463 2119 1533; x_wconf 91' lang='lat' dir='ltr'>incultum,</span> <span class='ocrx_word' id='word_1_110' title='bbox 2162 1463 2348 1536; x_wconf 88' lang='lat' dir='ltr'>ferox,</span> 
     </span>
     <span class='ocr_line' id='line_1_14' title="bbox 340 1559 2348 1642; baseline 0.001 -26"><span class='ocrx_word' id='word_1_111' title='bbox 340 1560 630 1617; x_wconf 81' lang='lat' dir='ltr'>adnexum</span> <span class='ocrx_word' id='word_1_112' title='bbox 676 1560 952 1630; x_wconf 84' lang='lat' dir='ltr'>hostibuS‚</span> <span class='ocrx_word' id='word_1_113' title='bbox 998 1559 1425 1637; x_wconf 88' lang='lat' dir='ltr'>Rhescuporidi</span> <span class='ocrx_word' id='word_1_114' title='bbox 1471 1561 1674 1618; x_wconf 88' lang='lat' dir='ltr'>cessit:</span> <span class='ocrx_word' id='word_1_115' title='bbox 1718 1561 2088 1642; x_wconf 85' lang='lat' dir='ltr'>ipsorumque</span> <span class='ocrx_word' id='word_1_116' title='bbox 2136 1580 2348 1637; x_wconf 90' lang='lat' dir='ltr'>regum</span> 
     </span>
     <span class='ocr_line' id='line_1_15' title="bbox 338 1657 2348 1732; baseline 0.002 -19"><span class='ocrx_word' id='word_1_117' title='bbox 338 1657 584 1732; x_wconf 89' lang='lat' dir='ltr'>ingenia,</span> <span class='ocrx_word' id='word_1_118' title='bbox 619 1658 698 1715; x_wconf 93' lang='lat' dir='ltr'>illi</span> <span class='ocrx_word' id='word_1_119' title='bbox 740 1658 877 1716; x_wconf 92' lang='lat' dir='ltr'>mite</span> <span class='ocrx_word' id='word_1_120' title='bbox 919 1667 975 1716; x_wconf 89' lang='lat' dir='ltr'>et</span> <span class='ocrx_word' id='word_1_121' title='bbox 1016 1675 1348 1728; x_wconf 92' lang='lat' dir='ltr'>amoenum,</span> <span class='ocrx_word' id='word_1_122' title='bbox 1384 1658 1516 1716; x_wconf 91' lang='lat' dir='ltr'>huic</span> <span class='ocrx_word' id='word_1_123' title='bbox 1561 1667 1742 1729; x_wconf 86' lang='lat' dir='ltr'>atrox,</span> <span class='ocrx_word' id='word_1_124' title='bbox 1787 1659 2018 1717; x_wconf 90' lang='lat' dir='ltr'>avidum</span> <span class='ocrx_word' id='word_1_125' title='bbox 2058 1669 2114 1717; x_wconf 91' lang='lat' dir='ltr'>et</span> <span class='ocrx_word' id='word_1_126' title='bbox 2157 1660 2348 1718; x_wconf 91' lang='lat' dir='ltr'>socie-</span> 
     </span>
    </p>

    <p class='ocr_par' dir='ltr' id='par_1_6' title="bbox 266 1756 2414 2226">
     <span class='ocr_line' id='line_1_16' title="bbox 266 1756 2414 1832; baseline 0.002 -19"><span class='ocrx_word' id='word_1_127' title='bbox 266 1779 318 1826; x_wconf 80' lang='lat'>15</span> <span class='ocrx_word' id='word_1_128' title='bbox 338 1756 466 1813; x_wconf 90' lang='lat' dir='ltr'>tatis</span> <span class='ocrx_word' id='word_1_129' title='bbox 511 1756 795 1831; x_wconf 89' lang='lat' dir='ltr'>inpatiens</span> <span class='ocrx_word' id='word_1_130' title='bbox 848 1765 984 1815; x_wconf 90' lang='lat' dir='ltr'>erat.</span> <span class='ocrx_word' id='word_1_131' title='bbox 1067 1756 1170 1815; x_wconf 91' lang='lat' dir='ltr'>sed</span> <span class='ocrx_word' id='word_1_132' title='bbox 1223 1756 1416 1831; x_wconf 90' lang='lat' dir='ltr'>primo</span> <span class='ocrx_word' id='word_1_133' title='bbox 1466 1756 1712 1814; x_wconf 90' lang='lat' dir='ltr'>subdola</span> <span class='ocrx_word' id='word_1_134' title='bbox 1762 1756 2074 1814; x_wconf 90' lang='lat' dir='ltr'>concordia</span> <span class='ocrx_word' id='word_1_135' title='bbox 2129 1775 2345 1832; x_wconf 87' lang='lat' dir='ltr'>egere:</span> <span class='ocrx_word' id='word_1_136' title='bbox 2377 1774 2414 1818; x_wconf 87' lang='grc'><strong>5</strong></span> 
     </span>
     <span class='ocr_line' id='line_1_17' title="bbox 339 1853 2350 1934; baseline 0.001 -24"><span class='ocrx_word' id='word_1_137' title='bbox 339 1871 478 1934; x_wconf 87' lang='lat' dir='ltr'>mox</span> <span class='ocrx_word' id='word_1_138' title='bbox 522 1853 914 1931; x_wconf 90' lang='lat' dir='ltr'>Rhescuporis</span> <span class='ocrx_word' id='word_1_139' title='bbox 963 1854 1160 1929; x_wconf 87' lang='lat' dir='ltr'>egredi</span> <span class='ocrx_word' id='word_1_140' title='bbox 1209 1855 1369 1924; x_wconf 80' lang='lat' dir='ltr'>fineS,</span> <span class='ocrx_word' id='word_1_141' title='bbox 1414 1863 1631 1912; x_wconf 90' lang='lat' dir='ltr'>vertere</span> <span class='ocrx_word' id='word_1_142' title='bbox 1680 1854 1740 1911; x_wconf 94' lang='lat' dir='ltr'>in</span> <span class='ocrx_word' id='word_1_143' title='bbox 1789 1872 1851 1911; x_wconf 90' lang='lat' dir='ltr'>se</span> <span class='ocrx_word' id='word_1_144' title='bbox 1893 1853 2063 1929; x_wconf 91' lang='lat' dir='ltr'>Cotyi</span> <span class='ocrx_word' id='word_1_145' title='bbox 2108 1854 2246 1913; x_wconf 91' lang='lat' dir='ltr'>data</span> <span class='ocrx_word' id='word_1_146' title='bbox 2291 1865 2350 1913; x_wconf 91' lang='lat' dir='ltr'>et</span> 
     </span>
     <span class='ocr_line' id='line_1_18' title="bbox 339 1952 2348 2029; baseline 0.002 -21"><span class='ocrx_word' id='word_1_147' title='bbox 339 1952 622 2011; x_wconf 89' lang='lat' dir='ltr'>resistenti</span> <span class='ocrx_word' id='word_1_148' title='bbox 648 1952 764 2010; x_wconf 91' lang='lat' dir='ltr'>vim</span> <span class='ocrx_word' id='word_1_149' title='bbox 794 1952 996 2025; x_wconf 90' lang='lat' dir='ltr'>facere,</span> <span class='ocrx_word' id='word_1_150' title='bbox 1028 1961 1364 2011; x_wconf 87' lang='lat' dir='ltr'>cunctanter</span> <span class='ocrx_word' id='word_1_151' title='bbox 1393 1954 1500 2011; x_wconf 93' lang='lat' dir='ltr'>sub</span> <span class='ocrx_word' id='word_1_152' title='bbox 1530 1952 1812 2029; x_wconf 90' lang='lat' dir='ltr'>Augusto,</span> <span class='ocrx_word' id='word_1_153' title='bbox 1844 1970 2019 2028; x_wconf 90' lang='lat' dir='ltr'>quem</span> <span class='ocrx_word' id='word_1_154' title='bbox 2047 1964 2348 2013; x_wconf 89' lang='lat' dir='ltr'>auctorem</span> 
     </span>
     <span class='ocr_line' id='line_1_19' title="bbox 339 2050 2414 2128; baseline 0.003 -21"><span class='ocrx_word' id='word_1_155' title='bbox 339 2050 631 2128; x_wconf 90' lang='lat' dir='ltr'>utriusque</span> <span class='ocrx_word' id='word_1_156' title='bbox 678 2052 861 2127; x_wconf 88' lang='lat' dir='ltr'>regni,</span> <span class='ocrx_word' id='word_1_157' title='bbox 912 2052 959 2108; x_wconf 91' lang='lat' dir='ltr'>si</span> <span class='ocrx_word' id='word_1_158' title='bbox 1005 2061 1382 2127; x_wconf 89' lang='lat' dir='ltr'>sperneretur,</span> <span class='ocrx_word' id='word_1_159' title='bbox 1432 2050 1718 2109; x_wconf 89' lang='lat' dir='ltr'>vindicem</span> <span class='ocrx_word' id='word_1_160' title='bbox 1767 2052 2076 2108; x_wconf 89' lang='lat' dir='ltr'>metuebat.</span> <span class='ocrx_word' id='word_1_161' title='bbox 2160 2053 2347 2110; x_wconf 91' lang='lat' dir='ltr'>enim-</span> <span class='ocrx_word' id='word_1_162' title='bbox 2374 2069 2414 2114; x_wconf 84' lang='lat'><strong>6</strong></span> 
     </span>
     <span class='ocr_line' id='line_1_20' title="bbox 341 2147 2346 2226; baseline 0.002 -22"><span class='ocrx_word' id='word_1_163' title='bbox 341 2167 473 2206; x_wconf 89' lang='lat' dir='ltr'>vero</span> <span class='ocrx_word' id='word_1_164' title='bbox 518 2149 713 2207; x_wconf 89' lang='lat' dir='ltr'>audita</span> <span class='ocrx_word' id='word_1_165' title='bbox 758 2150 1074 2207; x_wconf 89' lang='lat' dir='ltr'>mutatione</span> <span class='ocrx_word' id='word_1_166' title='bbox 1118 2149 1393 2226; x_wconf 91' lang='lat' dir='ltr'>principis</span> <span class='ocrx_word' id='word_1_167' title='bbox 1443 2149 1726 2206; x_wconf 90' lang='lat' dir='ltr'>inmittere</span> <span class='ocrx_word' id='word_1_168' title='bbox 1772 2147 2056 2206; x_wconf 85' lang='lat' dir='ltr'>latronum</span> <span class='ocrx_word' id='word_1_169' title='bbox 2114 2149 2346 2223; x_wconf 83' lang='lat' dir='ltr'>globOS,</span> 
     </span>
    </p>

    <p class='ocr_par' dir='ltr' id='par_1_7' title="bbox 263 2246 1362 2317">
     <span class='ocr_line' id='line_1_21' title="bbox 263 2246 1362 2317; baseline 0 -15"><span class='ocrx_word' id='word_1_170' title='bbox 263 2270 322 2303; x_wconf 82' lang='lat'>20</span> <span class='ocrx_word' id='word_1_171' title='bbox 340 2247 649 2305; x_wconf 87' lang='lat' dir='ltr'>excindere</span> <span class='ocrx_word' id='word_1_172' title='bbox 679 2247 927 2317; x_wconf 90' lang='lat' dir='ltr'>castella,</span> <span class='ocrx_word' id='word_1_173' title='bbox 960 2265 1161 2306; x_wconf 87' lang='lat' dir='ltr'>causas</span> <span class='ocrx_word' id='word_1_174' title='bbox 1196 2246 1362 2305; x_wconf 92' lang='lat' dir='ltr'>bello.</span> 
     </span>
    </p>

    <p class='ocr_par' dir='ltr' id='par_1_8' title="bbox 339 2343 2414 2715">
     <span class='ocr_line' id='line_1_22' title="bbox 422 2343 2346 2422; baseline 0.001 -19"><span class='ocrx_word' id='word_1_175' title='bbox 422 2351 526 2403; x_wconf 88' lang='grc'>65.</span> <span class='ocrx_word' id='word_1_176' title='bbox 572 2344 729 2402; x_wconf 92' lang='lat' dir='ltr'>Nihil</span> <span class='ocrx_word' id='word_1_177' title='bbox 766 2364 949 2422; x_wconf 90' lang='lat' dir='ltr'>aeque</span> <span class='ocrx_word' id='word_1_178' title='bbox 979 2344 1278 2402; x_wconf 89' lang='lat' dir='ltr'>Tiberium</span> <span class='ocrx_word' id='word_1_179' title='bbox 1323 2344 1559 2403; x_wconf 86' lang='lat' dir='ltr'>anxium</span> <span class='ocrx_word' id='word_1_180' title='bbox 1593 2343 1844 2402; x_wconf 88' lang='lat' dir='ltr'>habebat</span> <span class='ocrx_word' id='word_1_181' title='bbox 1881 2361 2056 2420; x_wconf 90' lang='lat' dir='ltr'>quam</span> <span class='ocrx_word' id='word_1_182' title='bbox 2091 2362 2166 2402; x_wconf 89' lang='lat' dir='ltr'>ne</span> <span class='ocrx_word' id='word_1_183' title='bbox 2202 2364 2346 2404; x_wconf 94' lang='lat' dir='ltr'>con-</span> 
     </span>
     <span class='ocr_line' id='line_1_23' title="bbox 340 2427 2348 2519; baseline 0.001 -18"><span class='ocrx_word' id='word_1_184' title='bbox 340 2444 528 2518; x_wconf 89' lang='lat' dir='ltr'>posita</span> <span class='ocrx_word' id='word_1_185' title='bbox 557 2427 928 2501; x_wconf 85' lang='lat' dir='ltr'>turbarentur.</span> <span class='ocrx_word' id='word_1_186' title='bbox 1014 2443 1209 2519; x_wconf 88' lang='lat' dir='ltr'>deligit</span> <span class='ocrx_word' id='word_1_187' title='bbox 1237 2443 1651 2511; x_wconf 88' lang='lat' dir='ltr'>centurionem,</span> <span class='ocrx_word' id='word_1_188' title='bbox 1682 2443 1781 2517; x_wconf 93' lang='lat' dir='ltr'>qui</span> <span class='ocrx_word' id='word_1_189' title='bbox 1811 2442 2095 2499; x_wconf 89' lang='lat' dir='ltr'>nuntiaret</span> <span class='ocrx_word' id='word_1_190' title='bbox 2114 2444 2348 2518; x_wconf 90' lang='lat' dir='ltr'>regibus</span> 
     </span>
     <span class='ocr_line' id='line_1_24' title="bbox 341 2539 2348 2616; baseline 0.001 -19"><span class='ocrx_word' id='word_1_191' title='bbox 341 2559 413 2598; x_wconf 89' lang='lat' dir='ltr'>ne</span> <span class='ocrx_word' id='word_1_192' title='bbox 448 2541 620 2598; x_wconf 90' lang='lat' dir='ltr'>armis</span> <span class='ocrx_word' id='word_1_193' title='bbox 658 2541 1039 2616; x_wconf 88' lang='lat' dir='ltr'>disceptarent</span> <span class='ocrx_word' id='word_1_194' title='bbox 1055 2560 1071 2613; x_wconf 91' lang='lat'>;</span> <span class='ocrx_word' id='word_1_195' title='bbox 1115 2542 1422 2615; x_wconf 90' lang='lat' dir='ltr'>statimque</span> <span class='ocrx_word' id='word_1_196' title='bbox 1461 2559 1496 2597; x_wconf 90' lang='lat' dir='ltr'>a</span> <span class='ocrx_word' id='word_1_197' title='bbox 1531 2539 1717 2616; x_wconf 88' lang='lat' dir='ltr'>Cotye</span> <span class='ocrx_word' id='word_1_198' title='bbox 1751 2539 1988 2597; x_wconf 90' lang='lat' dir='ltr'>dimissa</span> <span class='ocrx_word' id='word_1_199' title='bbox 2022 2549 2152 2597; x_wconf 90' lang='lat' dir='ltr'>sunt</span> <span class='ocrx_word' id='word_1_200' title='bbox 2194 2559 2348 2615; x_wconf 92' lang='lat' dir='ltr'>quae</span> 
     </span>
     <span class='ocr_line' id='line_1_25' title="bbox 339 2635 2414 2715; baseline 0 -18"><span class='ocrx_word' id='word_1_201' title='bbox 339 2650 634 2715; x_wconf 90' lang='lat' dir='ltr'>paraverat</span> <span class='ocrx_word' id='word_1_202' title='bbox 669 2639 890 2698; x_wconf 87' lang='lat' dir='ltr'>auxilia.</span> <span class='ocrx_word' id='word_1_203' title='bbox 977 2639 1371 2715; x_wconf 87' lang='lat' dir='ltr'>Rhescuporis</span> <span class='ocrx_word' id='word_1_204' title='bbox 1405 2639 1539 2696; x_wconf 89' lang='lat' dir='ltr'>ficta</span> <span class='ocrx_word' id='word_1_205' title='bbox 1581 2637 1866 2695; x_wconf 90' lang='lat' dir='ltr'>modestia</span> <span class='ocrx_word' id='word_1_206' title='bbox 1908 2635 2158 2712; x_wconf 89' lang='lat' dir='ltr'>postulat</span> <span class='ocrx_word' id='word_1_207' title='bbox 2204 2658 2348 2697; x_wconf 91' lang='lat' dir='ltr'>eun·</span> <span class='ocrx_word' id='word_1_208' title='bbox 2375 2652 2414 2696; x_wconf 82' lang='lat'>2</span> 
     </span>
    </p>

    <p class='ocr_par' dir='ltr' id='par_1_9' title="bbox 263 2733 2414 3202">
     <span class='ocr_line' id='line_1_26' title="bbox 263 2733 2349 2813; baseline 0.001 -19"><span class='ocrx_word' id='word_1_209' title='bbox 263 2760 319 2808; x_wconf 87' lang='lat'>25</span> <span class='ocrx_word' id='word_1_210' title='bbox 336 2738 470 2793; x_wconf 89' lang='lat' dir='ltr'>dem</span> <span class='ocrx_word' id='word_1_211' title='bbox 521 2737 581 2793; x_wconf 92' lang='lat' dir='ltr'>in</span> <span class='ocrx_word' id='word_1_212' title='bbox 629 2737 825 2795; x_wconf 92' lang='lat' dir='ltr'>locum</span> <span class='ocrx_word' id='word_1_213' title='bbox 874 2738 1152 2796; x_wconf 88' lang='lat' dir='ltr'>coiretur:</span> <span class='ocrx_word' id='word_1_214' title='bbox 1209 2754 1381 2813; x_wconf 89' lang='lat' dir='ltr'>posse</span> <span class='ocrx_word' id='word_1_215' title='bbox 1438 2736 1511 2795; x_wconf 91' lang='lat' dir='ltr'>de</span> <span class='ocrx_word' id='word_1_216' title='bbox 1567 2733 1971 2793; x_wconf 90' lang='lat' dir='ltr'>controversiis</span> <span class='ocrx_word' id='word_1_217' title='bbox 2032 2735 2349 2812; x_wconf 91' lang='lat' dir='ltr'>conloquio</span> 
     </span>
     <span class='ocr_line' id='line_1_27' title="bbox 338 2832 2413 2910; baseline -0.001 -19"><span class='ocrx_word' id='word_1_218' title='bbox 338 2836 592 2910; x_wconf 90' lang='lat' dir='ltr'>transigi.</span> <span class='ocrx_word' id='word_1_219' title='bbox 676 2852 786 2891; x_wconf 92' lang='lat' dir='ltr'>nec</span> <span class='ocrx_word' id='word_1_220' title='bbox 828 2835 925 2892; x_wconf 93' lang='lat' dir='ltr'>diu</span> <span class='ocrx_word' id='word_1_221' title='bbox 965 2835 1288 2894; x_wconf 90' lang='lat' dir='ltr'>dubitatum</span> <span class='ocrx_word' id='word_1_222' title='bbox 1332 2834 1403 2891; x_wconf 90' lang='lat' dir='ltr'>de</span> <span class='ocrx_word' id='word_1_223' title='bbox 1448 2844 1729 2908; x_wconf 91' lang='lat' dir='ltr'>tempore,</span> <span class='ocrx_word' id='word_1_224' title='bbox 1770 2832 1924 2901; x_wconf 88' lang='lat' dir='ltr'>loco,</span> <span class='ocrx_word' id='word_1_225' title='bbox 1962 2832 2094 2890; x_wconf 90' lang='lat' dir='ltr'>dein</span> <span class='ocrx_word' id='word_1_226' title='bbox 2140 2836 2347 2892; x_wconf 82' lang='lat' dir='ltr'>condi·</span> <span class='ocrx_word' id='word_1_227' title='bbox 2375 2845 2413 2889; x_wconf 83' lang='lat'><strong>3</strong></span> 
     </span>
     <span class='ocr_line' id='line_1_28' title="bbox 341 2929 2345 3010; baseline 0 -20"><span class='ocrx_word' id='word_1_228' title='bbox 341 2933 616 3005; x_wconf 78' lang='lat' dir='ltr'>cionibu8,</span> <span class='ocrx_word' id='word_1_229' title='bbox 667 2951 801 2991; x_wconf 91' lang='lat' dir='ltr'>cum</span> <span class='ocrx_word' id='word_1_230' title='bbox 850 2933 987 2991; x_wconf 91' lang='lat' dir='ltr'>alter</span> <span class='ocrx_word' id='word_1_231' title='bbox 1033 2932 1315 3002; x_wconf 91' lang='lat' dir='ltr'>facilitate,</span> <span class='ocrx_word' id='word_1_232' title='bbox 1350 2931 1503 3010; x_wconf 91' lang='lat' dir='ltr'>alter</span> <span class='ocrx_word' id='word_1_233' title='bbox 1560 2929 1757 2987; x_wconf 87' lang='lat' dir='ltr'>fraude</span> <span class='ocrx_word' id='word_1_234' title='bbox 1814 2937 2023 2986; x_wconf 88' lang='lat' dir='ltr'>cuncta</span> <span class='ocrx_word' id='word_1_235' title='bbox 2076 2929 2224 2989; x_wconf 91' lang='lat' dir='ltr'>inter</span> <span class='ocrx_word' id='word_1_236' title='bbox 2281 2951 2345 2991; x_wconf 91' lang='lat' dir='ltr'>se</span> 
     </span>
     <span class='ocr_line' id='line_1_29' title="bbox 339 3027 2414 3106; baseline -0 -18"><span class='ocrx_word' id='word_1_237' title='bbox 339 3030 723 3088; x_wconf 89' lang='lat' dir='ltr'>concederent</span> <span class='ocrx_word' id='word_1_238' title='bbox 763 3030 1219 3106; x_wconf 89' lang='lat' dir='ltr'>acciperentque.</span> <span class='ocrx_word' id='word_1_239' title='bbox 1308 3028 1702 3105; x_wconf 91' lang='lat' dir='ltr'>Rhescuporis</span> <span class='ocrx_word' id='word_1_240' title='bbox 1745 3027 2075 3096; x_wconf 86' lang='lat' dir='ltr'>sanciendo,</span> <span class='ocrx_word' id='word_1_241' title='bbox 2118 3037 2181 3085; x_wconf 93' lang='lat' dir='ltr'>ut</span> <span class='ocrx_word' id='word_1_242' title='bbox 2224 3029 2346 3087; x_wconf 88' lang='lat' dir='ltr'>dic·</span> <span class='ocrx_word' id='word_1_243' title='bbox 2370 3042 2414 3086; x_wconf 78' lang='lat'><em>4</em></span> 
     </span>
     <span class='ocr_line' id='line_1_30' title="bbox 339 3125 2347 3202; baseline 0 -16"><span class='ocrx_word' id='word_1_244' title='bbox 339 3130 554 3200; x_wconf 91' lang='lat' dir='ltr'>titabat‚</span> <span class='ocrx_word' id='word_1_245' title='bbox 593 3128 805 3186; x_wconf 92' lang='lat' dir='ltr'>foederi</span> <span class='ocrx_word' id='word_1_246' title='bbox 836 3127 1159 3186; x_wconf 91' lang='lat' dir='ltr'>convivium</span> <span class='ocrx_word' id='word_1_247' title='bbox 1197 3127 1386 3198; x_wconf 93' lang='lat' dir='ltr'>adicit,</span> <span class='ocrx_word' id='word_1_248' title='bbox 1416 3137 1710 3202; x_wconf 90' lang='lat' dir='ltr'>tractaque</span> <span class='ocrx_word' id='word_1_249' title='bbox 1741 3127 1803 3183; x_wconf 91' lang='lat' dir='ltr'>in</span> <span class='ocrx_word' id='word_1_250' title='bbox 1836 3125 2077 3183; x_wconf 92' lang='lat' dir='ltr'>multam</span> <span class='ocrx_word' id='word_1_251' title='bbox 2111 3137 2347 3186; x_wconf 91' lang='lat' dir='ltr'>noctem</span> 
     </span>
    </p>

    <p class='ocr_par' dir='ltr' id='par_1_10' title="bbox 262 3220 2405 3593">
     <span class='ocr_line' id='line_1_31' title="bbox 262 3220 2344 3302; baseline 0 -18"><span class='ocrx_word' id='word_1_252' title='bbox 262 3249 323 3297; x_wconf 82' lang='lat'>30</span> <span class='ocrx_word' id='word_1_253' title='bbox 340 3226 548 3284; x_wconf 89' lang='lat' dir='ltr'>laetitia</span> <span class='ocrx_word' id='word_1_254' title='bbox 589 3244 689 3301; x_wconf 90' lang='lat' dir='ltr'>per</span> <span class='ocrx_word' id='word_1_255' title='bbox 731 3224 928 3302; x_wconf 90' lang='lat' dir='ltr'>epulas</span> <span class='ocrx_word' id='word_1_256' title='bbox 968 3242 1036 3281; x_wconf 91' lang='lat' dir='ltr'>ac</span> <span class='ocrx_word' id='word_1_257' title='bbox 1079 3225 1452 3282; x_wconf 89' lang='lat' dir='ltr'>vinolentiam</span> <span class='ocrx_word' id='word_1_258' title='bbox 1493 3225 1788 3282; x_wconf 88' lang='lat' dir='ltr'>incautum</span> <span class='ocrx_word' id='word_1_259' title='bbox 1832 3220 2025 3297; x_wconf 90' lang='lat' dir='ltr'>Cotyn</span> <span class='ocrx_word' id='word_1_260' title='bbox 2067 3234 2141 3293; x_wconf 91' lang='lat' dir='ltr'>et,</span> <span class='ocrx_word' id='word_1_261' title='bbox 2184 3236 2344 3301; x_wconf 92' lang='lat' dir='ltr'>post-</span> 
     </span>
     <span class='ocr_line' id='line_1_32' title="bbox 340 3322 2345 3401; baseline 0.001 -21"><span class='ocrx_word' id='word_1_262' title='bbox 340 3343 514 3400; x_wconf 90' lang='lat' dir='ltr'>quam</span> <span class='ocrx_word' id='word_1_263' title='bbox 549 3322 748 3381; x_wconf 92' lang='lat' dir='ltr'>dolum</span> <span class='ocrx_word' id='word_1_264' title='bbox 782 3322 1147 3393; x_wconf 88' lang='lat' dir='ltr'>intellexerat,</span> <span class='ocrx_word' id='word_1_265' title='bbox 1187 3338 1353 3381; x_wconf 90' lang='lat' dir='ltr'>sacra</span> <span class='ocrx_word' id='word_1_266' title='bbox 1388 3325 1570 3401; x_wconf 91' lang='lat' dir='ltr'>regni,</span> <span class='ocrx_word' id='word_1_267' title='bbox 1611 3323 1864 3380; x_wconf 89' lang='lat' dir='ltr'>eiusdem</span> <span class='ocrx_word' id='word_1_268' title='bbox 1912 3322 2161 3381; x_wconf 87' lang='lat' dir='ltr'>familiae</span> <span class='ocrx_word' id='word_1_269' title='bbox 2204 3324 2345 3383; x_wconf 89' lang='lat' dir='ltr'>deos</span> 
     </span>
     <span class='ocr_line' id='line_1_33' title="bbox 340 3419 2405 3495; baseline 0 -16"><span class='ocrx_word' id='word_1_270' title='bbox 340 3431 397 3479; x_wconf 91' lang='lat' dir='ltr'>et</span> <span class='ocrx_word' id='word_1_271' title='bbox 436 3419 733 3495; x_wconf 89' lang='lat' dir='ltr'>hospitalis</span> <span class='ocrx_word' id='word_1_272' title='bbox 775 3437 1005 3477; x_wconf 91' lang='lat' dir='ltr'>mensas</span> <span class='ocrx_word' id='word_1_273' title='bbox 1042 3420 1426 3478; x_wconf 90' lang='lat' dir='ltr'>obtestantem</span> <span class='ocrx_word' id='word_1_274' title='bbox 1467 3422 1686 3479; x_wconf 91' lang='lat' dir='ltr'>catenis</span> <span class='ocrx_word' id='word_1_275' title='bbox 1723 3431 1940 3480; x_wconf 88' lang='lat' dir='ltr'>onerat.</span> <span class='ocrx_word' id='word_1_276' title='bbox 2027 3420 2341 3480; x_wconf 85' lang='lat' dir='ltr'>Thraecia·</span> <span class='ocrx_word' id='word_1_277' title='bbox 2367 3435 2405 3480; x_wconf 82' lang='lat'><strong>5</strong></span> 
     </span>
     <span class='ocr_line' id='line_1_34' title="bbox 341 3516 2342 3593; baseline 0.001 -20"><span class='ocrx_word' id='word_1_278' title='bbox 341 3536 452 3591; x_wconf 90' lang='lat' dir='ltr'>que</span> <span class='ocrx_word' id='word_1_279' title='bbox 493 3517 654 3574; x_wconf 89' lang='lat' dir='ltr'>omni</span> <span class='ocrx_word' id='word_1_280' title='bbox 689 3517 904 3591; x_wconf 90' lang='lat' dir='ltr'>potitus</span> <span class='ocrx_word' id='word_1_281' title='bbox 944 3517 1170 3592; x_wconf 92' lang='lat' dir='ltr'>scripsit</span> <span class='ocrx_word' id='word_1_282' title='bbox 1208 3516 1282 3574; x_wconf 94' lang='lat' dir='ltr'>ad</span> <span class='ocrx_word' id='word_1_283' title='bbox 1320 3517 1621 3575; x_wconf 89' lang='lat' dir='ltr'>Tiberium</span> <span class='ocrx_word' id='word_1_284' title='bbox 1666 3527 1906 3576; x_wconf 89' lang='lat' dir='ltr'>structas</span> <span class='ocrx_word' id='word_1_285' title='bbox 1943 3518 2049 3576; x_wconf 92' lang='lat' dir='ltr'>sibi</span> <span class='ocrx_word' id='word_1_286' title='bbox 2088 3519 2342 3593; x_wconf 81' lang='lat' dir='ltr'>insidiaS,</span> 
     </span>
    </p>
   </div>
  </div>
 </body>
</html>
