2594 3925
205 220 466 305 xn.19.]
801 230 1032 279 LIBER
1072 229 1151 279 JJ.
1219 193 1373 279 CAP'.
1420 223 1638 297 59-63·
2114 232 2221 294 117

294 398 401 451 62.
446 389 608 448 Dum
672 408 743 448 ea
812 399 1000 448 aestas
1057 387 1413 449 Germanico
1460 390 1674 467 plures
1741 409 1845 467 per
1899 388 2223 467 provincias

208 489 566 564 transigitur,
610 487 767 547 haud
809 487 933 546 leve
976 487 1155 546 decus
1197 489 1422 546 Drusus
1465 489 1741 564 quaesivit
1781 489 2039 548 inliciens
2082 487 2225 548 Ger-

206 605 424 647 manos
468 586 545 644 ad
587 585 907 645 discordias
947 594 1124 662 utque
1158 585 1340 644 fracto
1381 587 1499 644 iam
1528 585 1899 646 Maroboduo
1942 605 2123 663 usque
2164 588 2227 644 in

145 695 182 742 8
207 687 457 743 exitium
500 684 873 743 insisteretur.
958 693 1079 742 erat
1120 685 1267 743 inter
1299 683 1560 743 Gotones
1602 686 1814 743 nobilis
1854 686 2077 743 iuvenis
2118 704 2224 745 no-

206 785 370 842 mine
417 782 717 852 Catualda,
762 781 1043 859 profugus
1085 781 1225 840 olim
1268 782 1325 839 vi
1367 781 1717 841 Marobodui
1760 791 1816 840 et
1858 792 1996 841 tunc
2039 782 2227 842 dubiis
2251 809 2277 856 5

148 893 180 937 3
208 884 388 941 rebus
416 882 538 940 eius
564 880 844 938 ultionem
873 898 1062 938 ausuS.
1135 880 1184 938 is
1211 879 1399 938 valida
1428 898 1606 940 manu
1635 880 1781 939 fines
1812 879 2223 940 Marcomano-

207 998 342 1037 rum
370 978 684 1055 ingreditur
714 978 1109 1053 corruptisque
1137 977 1483 1054 primoribus
1523 977 1599 1036 ad
1641 978 1973 1036 societatem
2014 979 2226 1036 inrum-

144 1088 184 1135 4
208 1079 300 1154 pit
324 1077 548 1154 regiam
577 1076 988 1151 castellumque
1022 1075 1179 1133 iuxta
1215 1076 1402 1133 situm.
1489 1083 1705 1134 veteres
1748 1075 1860 1133 illic
1905 1075 2225 1134 Sueborum

210 1175 466 1252 praedae
509 1182 567 1233 et
608 1174 816 1232 nostris
850 1191 883 1230 e
916 1173 1228 1248 provinciis
1270 1173 1420 1231 lixae
1462 1191 1531 1232 ac
1573 1174 1959 1250 negotiatores
2001 1175 2223 1251 reperti,

210 1291 364 1350 quos
407 1274 497 1330 ius
538 1271 889 1342 commercii,
926 1270 1058 1328 dein
1098 1270 1312 1345 cupido
1356 1271 1606 1347 augendi
1648 1271 1973 1347 pecuniam,
2001 1279 2223 1346 postre-
2247 1291 2329 1329 10*

211 1390 379 1429 mum
427 1369 642 1429 oblivio
687 1370 902 1445 patriae
954 1368 1068 1425 suis
1108 1385 1408 1447 quemque
1456 1370 1531 1443 ab
1579 1369 1810 1428 sedibus
1852 1369 2117 1427 hostilem
2164 1370 2224 1427 in

213 1488 420 1547 agrum
448 1468 826 1526 transtulerat.

298 1574 399 1627 63.
444 1565 810 1624 Maroboduo
867 1564 1123 1641 undique
1194 1565 1420 1624 deserto
1490 1585 1609 1625 non
1683 1566 1835 1625 aliud
1906 1567 2223 1627 subsidium

213 1684 395 1743 quam
455 1663 845 1722 misericordia
900 1662 1210 1721 Caesaris
1233 1663 1353 1723 fuit.
1435 1673 1821 1741 transgressus
1876 1665 2220 1738 Danuvium,

213 1784 329 1841 qua
374 1762 657 1821 Noricam
711 1761 1072 1837 provinciam
1119 1761 1400 1838 praefluit,
1445 1762 1666 1837 scripsit
1709 1762 1944 1821 Tiberio
1993 1782 2113 1822 non
2160 1774 2222 1821 ut
2244 1787 2300 1835 15

213 1862 496 1940 profugus
537 1868 634 1918 aut
675 1860 934 1936 supplex,
965 1860 1068 1918 sed
1105 1878 1178 1917 ex
1207 1860 1489 1918 memoria
1516 1860 1721 1935 prioris
1749 1860 2039 1919 fortunae:
2084 1881 2220 1920 nam

215 1961 410 2019 multis
439 1959 766 2018 nationibus
795 1958 1171 2018 clarissimum
1200 1958 1500 2035 quondam
1531 1977 1727 2035 regem
1768 1958 1844 2017 ad
1879 1978 1940 2017 se
1966 1960 2219 2018 vocanti-

160 2074 193 2118 2
216 2063 325 2119 bus
372 2059 706 2117 Romanam
749 2056 1058 2115 amicitiam
1100 2057 1450 2133 praetulisse.
1535 2074 1876 2132 responsum
1911 2075 1946 2114 a
1974 2056 2221 2119 Caesare

217 2167 402 2217 tutam
451 2156 506 2213 ei
559 2141 1012 2230 honoratamque
1069 2155 1269 2213 sedem
1323 2156 1385 2212 in
1439 2154 1605 2212 Italia
1653 2153 1791 2225 fore,
1836 2155 1883 2213 si
1930 2167 2221 2216 maneret:

219 2258 307 2316 sin
349 2238 522 2314 rebus
562 2254 683 2313 eius
726 2253 879 2311 aliud
920 2251 1285 2323 conduceret,
1327 2253 1611 2310 abiturum
1653 2252 1767 2310 fide
1808 2270 1924 2329 qua
1960 2255 2220 2313 venisset.
2244 2280 2305 2314 20

161 2369 192 2414 3
219 2365 477 2415 ceterum
505 2350 661 2428 apud
689 2357 952 2410 senatum
974 2350 1233 2409 disseruit
1262 2369 1385 2408 non
1414 2350 1744 2427 Philippum
1766 2350 2223 2426 AtheniensibuS,

218 2471 341 2512 non
388 2451 629 2527 Pyrrum
683 2458 780 2507 aut
830 2448 1180 2507 Antiochum
1234 2448 1455 2524 populo
1502 2449 1776 2508 Romano
1820 2449 2055 2525 perinde
2104 2470 2224 2511 me-

161 2565 197 2610 4
220 2549 471 2610 tuendos
511 2549 697 2606 fuisse.
782 2556 938 2605 extat
980 2547 1180 2618 oratio,
1224 2564 1341 2623 qua
1382 2546 1838 2622 magnitudinem
1865 2548 1982 2619 viri,
2012 2549 2224 2608 violen-

220 2651 358 2709 tiam
388 2648 771 2707 subiectarum
791 2646 843 2704 ei
872 2645 1129 2722 gentium
1156 2654 1213 2704 et
1240 2663 1418 2723 quam
1446 2645 1807 2722 propinquus
1836 2645 2001 2703 Italia
2027 2647 2224 2720 hostiS,

162 2764 194 2811 5
223 2766 441 2824 suaque
490 2746 550 2803 in
599 2744 945 2804 destruendo
1004 2762 1076 2803 eo
1132 2744 1369 2803 consilia
1422 2743 1633 2802 extulit.
1716 2752 1774 2801 et
1828 2743 2223 2804 Maroboduus
2247 2771 2270 2804 2
2276 2772 2303 2819 5

223 2848 460 2924 quidem
516 2844 830 2902 Ravennae
885 2843 1129 2913 habituS,
1187 2843 1234 2900 si
1284 2841 1519 2919 quando
1573 2840 1980 2900 insolescerent
2038 2843 2223 2915 Suebi,

223 2944 386 3022 quasi
434 2940 714 3000 rediturus
768 2942 829 2998 in
884 2958 1125 3018 regnum
1174 2940 1599 2999 ostentabatur:
1665 2938 1766 2997 sed
1815 2958 1937 2997 non
1984 2943 2227 3000 excessit

226 3043 391 3101 Italia
431 3058 536 3117 per
564 3038 952 3113 duodeviginti
994 3057 1180 3097 annos
1209 3038 1622 3113 consenuitque
1650 3036 1893 3094 multum
1925 3038 2226 3097 imminuta

164 3159 200 3205 6
226 3141 477 3200 claritate
532 3138 612 3197 ob
679 3136 919 3194 nimiam
974 3136 1197 3195 vivendi
1268 3135 1618 3212 cupidinem.
1703 3135 1857 3193 idem
1913 3134 2225 3195 Catualdae

227 3254 394 3298 casus
461 3253 652 3311 neque
721 3232 876 3292 aliud
944 3234 1283 3311 perfugium.
1370 3235 1568 3309 pulsus
1636 3234 1792 3292 haud
1859 3234 2041 3293 multo
2096 3244 2227 3312 post
2242 3261 2305 3307 30

226 3334 769 3394 Hermundurorum
824 3332 1033 3410 opibus
1092 3342 1149 3391 et
1191 3332 1407 3391 Vibilio
1463 3332 1610 3391 duce
1668 3342 2061 3409 receptusque,
2109 3333 2223 3391 Fo-

168 3452 201 3501 ‘1
225 3452 348 3493 rum
376 3433 604 3504 Iulium,
627 3431 1025 3490 Narbonensis
1068 3429 1289 3490 Galliae
1325 3430 1634 3502 coloniam,
1662 3431 1911 3488 mittitur.
1998 3433 2223 3491 barbari

226 3540 525 3608 utrumque
575 3530 828 3590 comitati
871 3548 944 3588 ne
987 3529 1205 3606 quietas
1256 3529 1579 3606 provincias
1628 3528 1866 3588 immixti
1913 3531 2220 3602 turbarent,
