2594 3925
430 241 541 296 134
874 229 1241 280 CORNELII
1282 229 1371 278 TA
1382 228 1544 278 CJTJ
1575 227 1992 278 ANNALJUM
2078 216 2285 299 [mc.
2317 237 2444 291 773·

425 386 594 445 sunt?
637 385 823 445 defleo
862 388 1132 463 equidem
1170 387 1351 445 filium
1392 404 1588 445 meum
1627 404 1974 462 semperque
2015 385 2276 444 deflebo:
2325 386 2443 444 sed
2469 398 2503 443 8

426 503 612 560 neque
649 503 811 543 reum
848 486 1129 563 prohibeo
1162 503 1282 561 quo
1319 486 1510 544 minus
1546 494 1755 543 cuncta
1792 483 2062 559 proferat,
2092 484 2302 560 quibus
2345 485 2443 541 in-

426 584 691 642 nocentia
732 585 853 643 eius
896 584 1175 643 sublevari
1213 594 1330 655 aut,
1374 584 1420 642 si
1454 601 1571 658 qua
1613 582 1718 639 fuit
1757 582 2026 658 iniquitas
2072 580 2441 651 Germanici,

425 684 660 759 coargui
700 683 902 758 possit,
939 701 1159 758 vosque
1204 700 1310 741 oro
1353 699 1447 751 ne,
1491 681 1626 758 quia
1670 680 1858 738 dolori
1909 697 2042 739 meo
2102 699 2283 739 causa
2330 698 2440 739 co-

372 804 398 853 5
423 799 574 839 nexa
601 791 703 852 est,
733 782 963 840 obiecta
1002 780 1242 839 crimina
1280 797 1386 856 pro
1427 778 1760 855 adprobatis
1799 778 2110 855 accipiatis.
2197 780 2247 837 si
2280 798 2438 856 quos
2463 794 2498 838 9

423 879 781 955 propinquus
827 879 1061 955 sanguis
1110 888 1206 937 aut
1251 878 1397 936 fides
1446 895 1551 936 sua
1596 885 1874 952 patronos
1918 876 2091 948 dedit,
2141 888 2438 953 quantum

423 979 667 1054 quisque
716 978 1049 1054 eloquentia
1094 985 1152 1034 et
1203 994 1343 1034 cura
1384 975 1551 1045 valet,
1603 975 1802 1038 iuvate,
1835 975 2292 1050 periclitantem:
2358 975 2441 1033 ad

422 1076 674 1134 eundern
724 1076 999 1147 laborem,
1054 1073 1300 1133 eandem
1357 1074 1745 1131 constantiam
1792 1082 2158 1132 accusatores
2208 1073 2435 1132 hortor.
2462 1091 2527 1135 10

422 1175 481 1231 id
509 1176 697 1232 solum
728 1173 1081 1233 Germanico
1111 1191 1283 1251 super
1311 1173 1469 1248 leges
1497 1171 1963 1248 praestiterimus,
1995 1171 2154 1247 quod
2182 1172 2242 1228 in
2273 1174 2436 1231 curia

348 1295 405 1329 10
422 1273 611 1348 potius
651 1291 824 1349 quam
871 1274 933 1331 in
974 1272 1119 1345 foro,
1163 1271 1320 1348 apud
1363 1281 1626 1331 senatum
1669 1288 1844 1347 quam
1886 1269 2042 1346 apud
2084 1269 2308 1329 iudices
2352 1271 2428 1330 de

423 1381 606 1429 morte
635 1373 758 1430 eius
785 1372 1130 1449 anquiritur:
1178 1380 1368 1429 cetera
1395 1371 1520 1447 pari
1549 1369 1836 1428 modestia
1863 1378 2191 1428 tractentur.
2248 1388 2433 1429 nemo
2457 1385 2513 1429 11

423 1468 595 1527 Drusi
636 1469 917 1541 lacrimas,
956 1488 1131 1529 nemo
1174 1469 1521 1529 maestitiam
1563 1486 1757 1528 meam
1799 1477 2037 1544 spectet,
2076 1486 2187 1528 nec
2227 1469 2278 1528 si
2317 1487 2435 1546 qua

423 1565 482 1623 in
510 1553 622 1625 nos
650 1568 888 1626 adversa
917 1567 1246 1643 finguntur!

504 1670 593 1724 13.
642 1665 817 1723 Exim
871 1666 1111 1726 biduum
1167 1666 1502 1725 criminibus
1560 1665 1878 1726 obiciendis
1935 1667 2198 1726 statuitur
2252 1675 2434 1743 utque

351 1784 407 1836 15
427 1782 529 1821 sex
566 1761 788 1823 dierum
828 1766 1013 1841 spatio
1055 1765 1353 1824 interiecto
1395 1783 1525 1823 reus
1568 1784 1672 1842 per
1713 1765 1966 1825 triduum
2008 1764 2433 1824 defenderetur.

428 1874 549 1923 tum
591 1863 884 1923 Fulcinius
926 1873 1119 1923 vetera
1167 1873 1225 1923 et
1272 1864 1468 1922 inania
1516 1864 1747 1935 orditur,
1791 1863 2094 1922 ambitiose
2145 1882 2432 1941 avareque
2457 1872 2490 1917 2

426 1962 677 2021 habitam
726 1961 1112 2039 Hispaniam3
1164 1961 1324 2039 quod
1366 1981 1558 2039 neque
1600 1962 1933 2022 convictum
1982 1980 2175 2021 noxae
2217 1982 2337 2035 re0,
2382 1965 2432 2023 si

426 2063 676 2121 recentia
712 2070 1002 2137 purgaret,
1038 2078 1231 2137 neque
1273 2059 1579 2119 defensum
1620 2061 1970 2120 absolutioni
2009 2070 2145 2131 erat,
2179 2062 2228 2119 si
2266 2072 2433 2120 tene-

426 2171 574 2219 retur
606 2159 920 2217 maioribus
957 2158 1201 2235 flagitiis.
1287 2168 1424 2234 post
1453 2177 1627 2236 quem
1665 2157 1942 2217 Servaeus
1972 2169 2029 2218 et
2050 2159 2338 2218 Veranius
2373 2170 2434 2219 et
2458 2170 2490 2216 3

350 2281 410 2315 20
426 2257 686 2316 Vitellius
731 2257 1012 2315 consimili
1054 2256 1262 2326 studio,
1309 2264 1367 2314 et
1406 2257 1587 2315 multa
1630 2257 1954 2333 eloquentia
1998 2255 2279 2330 Vitellius,
2326 2259 2433 2316 ob-

426 2357 608 2414 iecere
654 2356 792 2414 odio
841 2354 1173 2414 Germanici
1230 2365 1289 2414 et
1345 2373 1534 2413 rerum
1580 2373 1862 2413 novarum
1911 2355 2100 2415 studio
2155 2354 2434 2414 Pisonem

425 2455 625 2529 vulgus
667 2453 913 2511 militum
954 2472 1057 2529 per
1095 2453 1387 2512 licentiam
1431 2464 1488 2511 et
1532 2455 1824 2512 sociorum
1856 2453 2086 2511 iniurias
2128 2472 2202 2513 eo
2243 2472 2434 2531 usque

426 2551 780 2628 conrupisse,
826 2561 891 2610 ut
939 2570 1149 2627 parens
1206 2552 1500 2628 legionum
1558 2570 1594 2610 a
1639 2551 1953 2610 deterrimis
2009 2551 2434 2627 appellaretur3

426 2659 628 2707 contra
661 2650 723 2706 in
755 2650 1042 2725 optimum
1079 2668 1387 2726 quemque,
1424 2651 1679 2709 maxime
1722 2650 1782 2707 in
1824 2650 2064 2709 comites
2106 2661 2163 2708 et
2204 2653 2432 2712 amicos

351 2769 408 2818 25
430 2745 760 2805 Germanici
809 2748 1098 2820 saevisse3
1169 2759 1468 2825 postremo
1527 2749 1714 2823 ipsum
1776 2748 2176 2807 devotionibus
2227 2759 2287 2808 et
2334 2770 2459 2809 ve-·

428 2862 583 2902 neno
620 2846 931 2920 peremisse
948 2864 965 2918 3
1010 2863 1173 2904 sacra
1212 2847 1345 2904 hinc
1376 2856 1434 2904 et
1470 2845 1901 2907 immolationes
1936 2845 2215 2905 nefandas
2249 2848 2433 2923 ipsius

429 2951 599 3016 atque
638 2941 962 3015 Plancinae,
992 2945 1232 3020 petitam
1259 2944 1433 3002 armis
1461 2961 1585 3002 rem
1624 2944 1933 3020 publicam,
1963 2952 2138 3020 utque
2176 2963 2306 3004 reus
2338 2947 2432 3022 agi

428 3049 644 3114 posset,
675 3041 798 3099 acie
828 3042 1058 3100 victum.

509 3143 603 3196 14.
646 3137 928 3197 Defensio
958 3140 1020 3197 in
1049 3141 1250 3198 ceteris
1278 3140 1612 3217 trepidavit;
1659 3158 1797 3198 nam
1831 3158 2020 3216 neque
2054 3140 2432 3200 ambitionem

348 3257 411 3305 30
427 3235 728 3294 militarem
778 3255 967 3314 neque
1016 3239 1372 3315 provinciam
1420 3239 1677 3314 pessimo
1720 3238 1924 3313 cuique
1975 3238 2312 3308 obnoxiam,
2357 3258 2431 3297 ne

431 3334 805 3393 contumelias
840 3336 1076 3412 quidem
1114 3336 1419 3396 adversum
1459 3337 1871 3412 imperatorem
1907 3335 2135 3394 infitiari
2172 3345 2426 3412 poterat:

429 3430 617 3488 solum
651 3434 855 3491 veneni
890 3436 1107 3494 crimen
1141 3435 1292 3493 visus
1337 3445 1424 3493 est
1468 3435 1716 3505 diluisse,
1754 3434 1914 3509 quod
1955 3451 2029 3491 ne
2067 3444 2429 3493 accusatores
2456 3447 2489 3492 2

431 3527 663 3602 quidem
715 3531 850 3587 satis
900 3532 1217 3604 firmabant,
1268 3533 1330 3590 in
1380 3533 1644 3591 convivio
1689 3530 2038 3600 Germanici,
2084 3549 2220 3588 cum
2263 3549 2432 3609 super
