2594 3925
366 228 477 266 120
805 217 1167 298 CORNELII
1207 218 1300 268 TA
1311 217 1474 267 CJTJ
1506 216 1932 267 ANNALJUM
2006 206 2213 287 [A.u.c.
2249 227 2364 280 7⁷2·

361 374 486 433 avia
512 375 756 435 saltuum
781 376 956 453 petiit,
984 392 1124 434 mox
1152 376 1489 454 pernicitate
1519 376 1654 452 equi
1682 376 1759 435 ad
1788 394 2022 436 amnem
2050 376 2366 453 Pyramum

361 474 671 545 contendit,
713 474 873 534 cuius
913 483 1120 552 pontes
1163 473 1401 534 accolae
1438 483 1712 551 ruperant
1753 475 1950 533 audita
1991 475 2145 551 regis
2185 474 2366 551 fuga3

359 589 548 647 neque
587 572 734 631 vado
761 573 1043 648 penetrari
1068 581 1311 649 poterat.
1402 571 1572 647 igitur
1600 572 1662 630 in
1702 571 1827 648 ripa
1853 570 2107 630 fluminis
2136 590 2171 629 a
2188 571 2369 631 Vibio
2393 588 2427 632 3

361 667 650 728 Frontone
689 670 976 747 praefecto
1018 671 1275 747 equitum
1316 670 1573 740 vincitur,
1617 687 1758 727 mox
1802 669 2104 727 Remmius
2155 688 2366 729 evoca-

306 788 334 837 5
359 775 463 836 ωε,
506 767 677 843 priori
718 768 1009 828 custodiae
1050 769 1202 844 regis
1247 767 1563 845 adposituS,
1607 767 1775 842 quasi
1821 786 1927 843 per
1973 768 2116 825 iram
2165 767 2369 843 gladio

359 880 493 922 eum
523 865 798 942 transigit.
879 866 1035 925 unde
1064 866 1248 924 maior
1275 865 1420 946 fides
1454 864 1814 925 conscientia
1847 863 2075 924 sceleris
2106 873 2166 922 et
2201 875 2366 922 metu
2390 880 2430 924 4

359 962 555 1022 indicii
582 973 826 1023 mortem
853 964 1094 1024 Vononi
1131 964 1385 1024 inlatam.

439 1068 542 1123 69.
585 1062 666 1121 At
703 1061 1083 1122 Germanicus
1114 1062 1389 1140 Aegypto
1428 1080 1697 1122 remeans
1741 1062 1988 1131 cuncta,'
2014 1079 2164 1139 quae
2205 1062 2367 1139 apud

358 1158 614 1236 legiones
655 1171 752 1222 aut
797 1163 966 1220 urbes
1008 1162 1265 1233 iusserat,
1307 1161 1521 1220 abolita
1569 1160 1659 1219 vel
1700 1161 1762 1218 in
1812 1160 2159 1220 contrarium
2199 1178 2368 1219 versa

285 1279 342 1316 10
359 1258 671 1333 cognoscit.
754 1259 889 1317 hinc
930 1278 1131 1336 graves
1173 1260 1234 1317 in
1268 1259 1545 1318 Pisonem
1588 1257 1990 1328 contumeliae,
2020 1276 2130 1316 nec
2168 1258 2366 1315 minus
2391 1274 2428 1318 2

356 1356 563 1413 acerba
604 1374 752 1431 quae
794 1358 868 1415 ab
910 1357 1008 1415 illo
1052 1358 1113 1415 in
1155 1356 1466 1417 Caesarem
1515 1357 1984 1416 intentabantur(
2043 1355 2180 1414 dein
2226 1356 2367 1415 Piso
2393 1372 2428 1416 3

358 1452 511 1511 abire
552 1452 713 1512 Suria
753 1454 958 1514 statuit.
1042 1473 1185 1514 mox
1227 1456 1466 1515 adversa
1509 1454 1844 1515 Germanici
1886 1454 2212 1513 valetudine
2260 1454 2367 1513 de-

357 1559 564 1622 tentus,
606 1551 706 1609 ubi
745 1563 1060 1611 recreatum
1102 1554 1327 1630 accepit
1367 1563 1616 1630 votaque
1660 1572 1767 1630 pro
1812 1552 2206 1612 incolumitate
2246 1552 2366 1611 sol-

356 1649 644 1722 vebantur,
701 1650 965 1710 admotas
1019 1651 1253 1724 hostiaS‚
1312 1653 1684 1712 sacrificalem
1741 1660 2098 1728 apparatum,
2152 1650 2366 1709 festam

283 1768 337 1817 15
357 1746 836 1807 Antiochensium
885 1749 1116 1827 plebem
1163 1769 1266 1827 per
1312 1751 1542 1811 lictores
1592 1750 1901 1826 proturbat.
1987 1758 2112 1806 tum
2162 1748 2364 1807 Seleu·
2386 1766 2430 1810 4

357 1844 508 1904 ciam
550 1846 889 1923 degreditur,
930 1849 1237 1925 opperiens
1279 1849 1715 1926 aegritudinem,
1760 1866 1910 1925 quae
1949 1865 2173 1905 rursum
2217 1846 2367 1905 Ger·
2455 1889 2458 1892 «

357 1942 591 2004 manico
652 1946 951 2008 acciderat.
1037 1966 1267 2008 saevam
1329 1950 1447 2006 vim
1508 1948 1695 2007 morbi
1758 1946 2005 2023 augebat
2061 1946 2365 2023 persuasio
2390 1959 2428 2008 5

355 2043 563 2102 veneni
602 2061 638 2103 a
678 2044 888 2105 Pisone
930 2047 1182 2123 accepti3
1226 2055 1283 2105 et
1314 2048 1743 2124 reperiebantur
1780 2045 1907 2104 solo
1945 2063 2013 2103 ac
2049 2045 2367 2122 parietibus

355 2149 546 2199 erutae
574 2141 973 2207 humanorum.
991 2161 1300 2220 corporum
1326 2145 1617 2223 reliquiae,
1648 2143 1905 2204 carmina
1932 2151 1990 2200 et
2019 2142 2366 2203 devotiones

278 2260 339 2297 20
355 2248 413 2295 et
459 2257 677 2297 nomen
723 2239 1053 2299 Germanici
1098 2241 1385 2318 plumbeis
1439 2242 1649 2302 tabulis
1699 2241 2065 2318 insculptum,
2115 2241 2364 2299 semusti

357 2337 578 2396 cineres
615 2354 685 2395 ac
726 2341 863 2399 tabo
900 2339 1060 2398 obliti
1097 2338 1321 2416 aliaque
1357 2340 1637 2412 malefica,
1677 2340 1804 2417 quis
1849 2339 2095 2398 creditur
2134 2338 2365 2396 animas

358 2435 687 2494 numinibus
724 2435 958 2496 insemis
991 2438 1219 2496 sacrari.
1302 2438 1472 2497 simul
1504 2437 1666 2496 missi
1693 2456 1729 2496 a
1766 2436 1977 2494 Pisone
2015 2435 2365 2495 incusaban-

356 2542 446 2590 tur
481 2542 544 2590 ut
580 2532 920 2594 valetudinis
952 2535 1190 2594 adversa
1223 2537 1513 2595 rimantes,

437 2637 540 2692 70.
581 2631 670 2691 Ea
709 2631 1058 2693 Germanico
1096 2633 1253 2693 haud
1287 2635 1480 2694 minus
1518 2635 1601 2692 ira
1641 2650 1817 2710 quam
1858 2650 1963 2709 per
2000 2640 2219 2690 metum
2261 2650 2362 2692 ac-

277 2752 336 2801 25
356 2739 537 2806 cepta.
620 2730 670 2788 si
706 2729 879 2789 limen
919 2731 1289 2804 obsideretur,
1318 2734 1368 2792 si
1394 2731 1777 2792 effundendus
1806 2730 2037 2806 spiritus
2073 2730 2182 2788 sub
2218 2748 2358 2788 ocu·
2386 2744 2423 2789 2

355 2828 426 2886 lis
467 2827 830 2887 inimicorum
875 2828 1039 2902 foret,
1081 2831 1222 2908 quid
1264 2830 1475 2889 deinde
1526 2828 1879 2887 miserrimae
1924 2825 2176 2901 coniugi,
2220 2827 2363 2903 quid

358 2925 665 2984 infantibus
691 2925 881 2985 liberis
912 2931 1285 2987 eventurum?
1345 2929 1500 2986 lenta
1526 2926 1707 2985 videri
1736 2923 2048 2983 veneficia:
2090 2922 2360 2982 festinare

358 3034 414 3083 et
439 3043 696 3101 urguere,
723 3033 786 3082 ut
813 3025 1187 3101 provinciam,
1215 3036 1278 3085 ut
1306 3025 1566 3102 legiones
1600 3023 1757 3082 solus
1795 3022 2019 3080 habeat.
2105 3021 2208 3079 sed
2236 3039 2358 3080 non
2383 3037 2420 3082 8

355 3141 537 3200 usque
565 3142 637 3182 eo
674 3123 961 3182 defectum
989 3122 1420 3195 Germanicum,
1449 3141 1636 3199 neque
1673 3121 1929 3199 praemia
1966 3118 2162 3178 caedis
2201 3119 2358 3195 apud

281 3245 341 3293 30
359 3221 775 3280 interfectorem
801 3238 1087 3279 mansura.
1152 3222 1452 3299 componit
1480 3219 1772 3298 epistulas,
1802 3219 1929 3296 quis
1957 3216 2275 3275 amicitiam
2303 3217 2358 3275 ei

358 3319 750 3378 renuntiabat:
791 3319 1013 3378 addunt
1040 3318 1293 3396 plerique
1323 3320 1542 3379 iussum
1568 3317 1867 3396 provincia
1896 3315 2187 3374 decedere.
2247 3333 2356 3374 nec
2379 3331 2420 3376 4

357 3417 490 3475 Piso
532 3427 788 3476 moratus
825 3417 972 3476 ultra
1012 3417 1174 3476 navis
1216 3417 1401 3488 solvit,
1437 3416 1952 3490 moderabaturque
1992 3412 2201 3483 cursui,
2240 3429 2356 3489 quo

357 3515 592 3591 propius
617 3514 1016 3589 regrederetur,
1045 3515 1094 3574 si
1121 3532 1279 3574 mors
1309 3513 1642 3573 Germanici
1673 3503 1899 3571 Suriam
1926 3510 2258 3587 aperuisset.
