2594 3925
428 241 534 296 128
809 245 1171 295 CORNELII
1211 245 1474 293 TACJTJ
1508 244 1930 293 ANNALJUM
2001 231 2204 314 [nuc.
2243 256 2426 305 ἠε-3.

499 411 604 463 88.
647 404 899 481 Reperio
932 404 1087 479 apud
1127 404 1433 478 scriptores
1463 411 1870 479 senatoresque
1912 402 2231 461 eorundem
2268 412 2419 460 tem-

418 520 623 579 porum
680 502 1087 578 Adgandestrii
1143 501 1419 576 principis
1477 499 1819 559 Chattorum
1878 500 2053 559 lectas
2098 500 2160 557 in
2212 509 2422 558 senatu

416 601 639 672 litteras,
661 601 868 676 quibus
896 610 1142 658 mortem
1165 598 1415 656 Arminii
1443 598 1831 673 promittebat,
1862 598 1912 657 si
1939 596 2256 673 patrandae
2285 597 2422 655 neci

414 717 699 756 venenum
740 699 1052 757 mitteretur
1065 716 1083 769 ς
1139 713 1603 772 responsumque
1645 713 1773 754 esse
1816 713 1939 755 non
1981 694 2180 754 fraude
2222 713 2420 772 neque

362 820 388 869 5
415 796 671 868 occultis,
708 796 810 855 sed
851 796 1044 873 palam
1083 803 1140 853 et
1183 802 1470 852 armatum
1511 794 1794 870 populum
1836 792 2176 852 Romanum
2214 792 2421 851 hostes

414 912 550 953 suos
593 895 807 954 ulcisci.
891 912 1007 972 qua
1044 893 1226 970 glon'a
1264 892 1553 968 aequabat
1585 909 1648 949 se
1677 891 1944 949 Tiberius
1985 891 2189 967 priscis
2227 891 2418 967 impe-
2444 898 2476 942 2

413 993 704 1064 raton‘buS,
735 993 833 1070 qui
860 1009 1148 1050 venenum
1182 991 1244 1047 in
1282 989 1525 1065 Pyrrum
1564 1007 1764 1065 regem
1804 998 2103 1048 vetuerant
2142 988 2416 1065 prodide-

411 1100 669 1168 rantque.
753 1100 1009 1149 ceterum
1039 1088 1337 1147 Arminius
1371 1088 1819 1147 abscedentibus
1849 1086 2133 1147 Romanis
2161 1097 2218 1145 et
2247 1087 2418 1163 pulso
2441 1099 2474 1145 3

411 1188 782 1248 Maroboduo
816 1206 1063 1264 regnum
1104 1186 1403 1246 adfectans
1444 1186 1762 1245 libertatem
1804 1186 2173 1264 popularium
2213 1185 2416 1245 adver·

335 1311 393 1346 10
413 1307 538 1347 sam
565 1286 780 1358 habuit,
810 1287 1134 1363 petitusque
1167 1285 1344 1344 armis
1372 1303 1508 1342 cum
1535 1285 1691 1343 varia
1727 1283 1960 1343 fortuna
1988 1293 2246 1353 certaret,
2278 1283 2415 1343 dolo

410 1386 869 1462 propinquorum
912 1384 1146 1444 cecidit:
1210 1384 1483 1442 liberator
1527 1382 1685 1442 haud
1729 1381 1902 1441 dubie
1948 1382 2319 1454 Germaniae,
2358 1391 2416 1441 et

409 1485 506 1560 qui
534 1501 655 1542 non
682 1482 991 1559 primordia
1028 1482 1231 1559 populi
1270 1480 1542 1553 Romani,
1574 1482 1720 1540 sicut
1764 1480 1858 1538 alii
1895 1499 2061 1556 reges
2096 1480 2412 1557 ducesque,

411 1581 512 1641 sed
560 1582 1024 1640 florentissimum
1077 1581 1387 1657 imperium
1427 1579 1749 1649 lacessierit,
1800 1578 2029 1654 proeliis
2086 1580 2412 1655 ambiguus,

410 1680 559 1739 bello
595 1698 716 1739 non
748 1679 946 1738 victus.
1031 1688 1257 1754 septem
1297 1687 1358 1737 et
1401 1678 1631 1754 triginta
1679 1694 1867 1735 annos
1904 1676 2067 1745 vitae,
2098 1676 2412 1735 duodecim
2433 1682 2470 1728 4

337 1802 393 1850 15
414 1778 699 1854 potentiae
745 1776 1007 1853 explevit,
1051 1776 1384 1852 caniturque
1431 1774 1620 1833 adhuc
1665 1775 1939 1833 barbaras
1988 1772 2146 1849 apud
2191 1783 2410 1850 genteS,

413 1875 767 1935 Graecorum
809 1874 1112 1933 annalibus
1150 1874 1404 1948 ignotuS,
1433 1873 1531 1948 qui
1566 1889 1671 1930 sua
1705 1879 1930 1930 tantum
1966 1871 2263 1941 mirantur,
2293 1871 2412 1930 Ro-

276 1992 281 2079 *
410 1976 596 2034 manis
639 1974 795 2033 haud
841 1972 1082 2050 perinde
1119 1971 1378 2043 celebriS,
1415 1971 1555 2030 dum
1594 1979 1785 2030 vetera
1823 1969 2168 2040 extollimuS,
2214 1986 2411 2028 recen-

411 2075 551 2132 tium
578 2073 868 2131 incuriosi.
