2594 3925
209 219 327 261 m).
360 194 469 279 25.]
785 207 1013 256 LIBER
1054 206 1151 256 JV.
1231 205 1386 256 CAP.
1432 199 1645 272 36-40·
2105 197 2214 268 187

207 367 463 443 stititque
513 365 759 442 posthac
805 366 1041 425 secretis
1085 365 1262 425 etiam
1304 364 1668 424 sermonibus
1706 363 2004 441 aspernari
2043 361 2220 422 talem

208 466 295 523 sui
334 464 569 523 cultum.
653 464 812 540 quod
854 464 949 522 alii
990 463 1355 533 modestiam,
1385 462 1567 534 multi,
1596 461 1732 538 quia
1768 461 2065 534 diffideret,
2094 461 2219 536 qui-

150 570 181 617 5
208 563 346 621 dam
388 571 453 618 ut
497 560 798 635 degeneris
847 562 1026 621 animi
1074 561 1608 637 interpretabantur.
1692 566 1967 636 optumos
2009 559 2222 635 quippe

205 658 538 717 mortalium
576 659 853 719 altissima
887 677 1136 735 cupere:
1186 660 1269 718 sic
1310 656 1627 716 Herculem
1659 666 1718 715 et
1763 655 2037 715 Liberum
2068 656 2222 734 apud

207 757 491 825 GraecoS,
520 755 831 827 Quirinum
873 757 1030 834 apud
1066 774 1178 816 nos
1223 757 1398 815 deum
1436 772 1680 813 numero
1716 752 1977 812 additos:
2020 755 2222 812 melius
2247 778 2273 827 5

145 862 180 907 6
206 855 558 931 Augustum,
586 855 685 931 qui
715 856 1040 932 speraverit.
1124 863 1317 914 cetera
1344 852 1701 930 principibus
1740 851 1936 910 statim
1977 851 2181 910 adesse
2206 871 2220 909 ε

204 970 393 1011 unum
413 952 807 1011 insatiabiliter
827 953 1169 1030 parandum,
1192 969 1534 1030 prosperam
1556 951 1642 1009 sui
1666 950 2010 1008 memoriam
2028 968 2046 1022 ;
2087 968 2224 1008 nam

208 1060 560 1127 contemptu
586 1050 775 1109 famae
805 1052 1103 1111 contemni
1130 1051 1384 1110 virtutes,

292 1155 404 1209 39.
450 1148 531 1207 At
567 1147 812 1207 Seianus
855 1149 1033 1207 nimia
1073 1149 1304 1209 fortuna
1346 1166 1550 1208 socors
1590 1158 1648 1207 et
1688 1147 1951 1206 muliebri
1993 1147 2226 1223 insuper

207 1245 484 1324 cupidine
519 1247 810 1318 incensus,
847 1247 1202 1323 promissum
1238 1248 1671 1306 matrimonium
1709 1247 2006 1322 flagitante
2044 1245 2225 1317 Livia,
2251 1268 2307 1303 10

209 1345 517 1421 componit
562 1344 640 1403 ad
687 1343 1002 1403 Caesarem
1049 1345 1383 1404 codicillos:
1447 1346 1627 1405 moris
1671 1346 1886 1422 quippe
1936 1354 2059 1403 turn
2106 1353 2227 1403 erat

149 1456 182 1501 2
210 1460 570 1519 quamquam
611 1452 979 1519 praesentem
1020 1444 1235 1518 scripto
1278 1443 1453 1502 adire.
1537 1444 1662 1502 eius
1699 1444 1827 1501 talis
1866 1443 2054 1501 forma
2087 1442 2226 1501 fuit:

215 1540 622 1599 benevolentia
657 1541 835 1616 patris
872 1539 1124 1616 Augusti
1166 1551 1223 1600 et
1266 1559 1406 1599 mox
1451 1540 1710 1618 plurimis
1743 1540 1963 1599 Tiberii
2004 1542 2226 1600 iudiciis

212 1640 293 1697 ita
332 1638 667 1708 insuevisse,
704 1648 769 1697 ut
802 1657 940 1715 spes
967 1648 1217 1714 votaque
1251 1657 1357 1720 sua
1395 1657 1520 1697 non
1561 1641 1720 1716 prius
1757 1638 1835 1698 ad
1875 1640 2019 1699 deos
2052 1658 2228 1717 quam

152 1752 186 1797 3
214 1738 293 1796 ad
322 1737 655 1813 principum
684 1754 853 1795 aures
881 1735 1185 1795 conferret.
1250 1754 1439 1813 neque
1468 1735 1752 1813 fulgorem
1780 1737 2071 1796 honorum
2099 1756 2225 1795 um-
2253 1760 2306 1809 15

215 1853 397 1911 quarn
439 1844 773 1910 precatum:
818 1834 1094 1893 excubias
1135 1853 1206 1893 ac
1243 1834 1493 1907 labores,
1533 1845 1599 1893 ut
1638 1853 1822 1893 unum
1840 1899 1845 1904 ‚
1863 1855 1896 1894 e
1938 1835 2227 1907 militibus,

151 1948 189 1994 4
217 1952 328 2010 pro
360 1932 753 1991 incolumitate
782 1932 1148 2010 imperatoris
1176 1932 1367 1992 malle.
1451 1951 1522 1992 ac
1550 1942 1747 1992 tamen
1774 1934 1936 2010 quod
1964 1933 2228 2010 pulcher-

218 2032 434 2089 rimum
462 2031 755 2107 adeptum,
782 2042 845 2089 ut
874 2031 1286 2090 coniunctione
1321 2030 1591 2091 Caesaris
1630 2032 1841 2109 dignus
1876 2032 2232 2091 crederetur:

156 2146 190 2191 5
220 2130 359 2187 hinc
386 2129 612 2186 initium
640 2129 780 2205 spei.
865 2138 923 2187 et
951 2129 1231 2204 quoniam
1258 2128 1534 2201 audiverit
1562 2129 1896 2204 Augustum
1930 2131 1992 2187 in
2031 2130 2234 2189 conlo-

120 2240 125 2245 ·
221 2225 414 2286 canda
454 2226 569 2284 filia
611 2244 733 2283 non
776 2226 914 2284 nihil
956 2228 1133 2285 etiam
1166 2227 1240 2286 de
1282 2227 1571 2303 equitibus
1614 2226 1899 2286 Romanis
1942 2227 2235 2287 consulta·
2259 2249 2320 2285 20

223 2326 393 2397 visse,
414 2400 417 2405 ¹
438 2325 531 2394 ita,
583 2324 632 2382 si
680 2324 916 2382 maritus
965 2323 1164 2383 Liviae
1204 2334 1596 2401 quaereretur,
1641 2325 1883 2384 haberet
1930 2325 1993 2383 in
2041 2326 2240 2384 animo

159 2441 198 2486 6
226 2424 481 2483 amicum
510 2423 637 2482 sola
662 2420 1099 2481 necessitudinis
1127 2422 1311 2499 gloria
1339 2440 1594 2481 usurum.
1682 2440 1805 2480 non
1840 2423 1999 2480 enim
2032 2441 2241 2481 exuere

226 2521 484 2599 inposita
531 2520 733 2579 munia
757 2541 783 2577 :-
832 2520 971 2579 satis
1019 2520 1323 2579 aestimare
1374 2520 1587 2578 firmari
1647 2521 1891 2578 domum
1935 2521 2243 2580 adversum

227 2621 458 2697 iniquas
527 2617 887 2694 Agrippinae
947 2618 1324 2689 offensiones,
1398 2618 1571 2694 idque
1644 2619 1956 2677 liberorum
2022 2637 2198 2678 causa
2224 2639 2241 2691 ;

229 2736 369 2776 nam
399 2717 508 2774 sibi
542 2716 786 2773 multum
815 2733 1098 2793 superque
1128 2716 1275 2775 vitae
1304 2715 1445 2787 fore,
1490 2716 1652 2793 quod
1689 2716 1787 2774 tali
1825 2735 1958 2775 cum
1985 2718 2242 2794 principe
2266 2743 2288 2775 2
2295 2739 2323 2789 5

230 2814 598 2891 explevisset.

312 2918 426 2970 40.
469 2911 565 2970 Ad
593 2930 665 2971 ea
697 2912 966 2972 Tiberius
993 2912 1224 2972 laudata
1255 2914 1469 2990 pietate
1502 2912 1691 2973 Seiani
1732 2915 1964 2992 suisque
2011 2915 2071 2972 in
2111 2932 2246 2973 eum

231 3009 531 3070 beneficiis
552 3011 782 3068 modice
810 3011 1114 3087 percursis,
1135 3029 1270 3069 cum
1292 3022 1525 3087 tempus
1546 3022 1844 3087 tamquam
1865 3012 1940 3070 ad
1962 3013 2247 3088 integram

232 3107 724 3168 consultationem
764 3109 1075 3184 petivisset,
1115 3108 1408 3167 adiunxit:
1455 3110 1659 3167 ceteris
1696 3109 2037 3168 mortalibus
2078 3110 2138 3167 in
2171 3128 2245 3168 eo

235 3215 386 3266 stare
428 3206 688 3276 consilia,
718 3205 857 3281 quid
895 3206 1000 3264 sibi
1043 3206 1376 3265 conducere
1415 3215 1653 3283 putent3
1701 3206 2026 3283 principum
2060 3207 2244 3266 diver-
2265 3231 2329 3279 30

236 3300 365 3364 sam
415 3321 544 3362 esse
593 3313 825 3375 sortem,
870 3303 1078 3379 quibus
1127 3305 1441 3380 praecipua
1484 3322 1676 3362 rerum
1725 3303 1802 3362 ad
1843 3303 2058 3361 famam
2100 3306 2247 3364 deri-

172 3422 209 3467 2
236 3402 450 3480 genda.
506 3402 641 3460 ideo
671 3420 734 3459 se
760 3419 881 3460 non
909 3400 1041 3458 illuc
1071 3401 1373 3460 decurrere
1396 3402 1555 3477 quod
1584 3411 1920 3477 promptum
1947 3403 2244 3479 rescriptu‚

236 3518 414 3578 posse
443 3499 633 3576 ipsam
662 3497 886 3557 Liviam
926 3508 1189 3569 statuere,
1220 3499 1562 3557 nubendum
1605 3508 1739 3574 post
1781 3498 2035 3557 Drusum
2073 3517 2149 3559 an
2187 3502 2246 3559 in
