<?xml version="1.0" encoding="UTF-8"?>
<!DOCTYPE html PUBLIC "-//W3C//DTD XHTML 1.0 Transitional//EN"
    "http://www.w3.org/TR/xhtml1/DTD/xhtml1-transitional.dtd">
<html xmlns="http://www.w3.org/1999/xhtml" xml:lang="en" lang="en">
 <head>
  <title>
</title>
<meta http-equiv="Content-Type" content="text/html;charset=utf-8" />
  <meta name='ocr-system' content='tesseract 3.04.00' />
  <meta name='ocr-capabilities' content='ocr_page ocr_carea ocr_par ocr_line ocrx_word'/>
</head>
<body>
  <div class='ocr_page' id='page_1' title='image "./annalium00tacigoog_0163.png"; bbox 0 0 2594 3925; ppageno 0'>
   <div class='ocr_carea' id='block_1_1' title="bbox 209 227 2230 312">
    <p class='ocr_par' dir='ltr' id='par_1_1' title="bbox 209 227 2230 312">
     <span class='ocr_line' id='line_1_1' title="bbox 209 227 2230 312; baseline 0.001 -21"><span class='ocrx_word' id='word_1_1' title='bbox 209 250 347 292; x_wconf 67' lang='grc' dir='ltr'>ω).</span> <span class='ocrx_word' id='word_1_2' title='bbox 375 227 482 312; x_wconf 81' lang='lat'>21.]</span> <span class='ocrx_word' id='word_1_3' title='bbox 795 241 1027 290; x_wconf 84' lang='lat' dir='ltr'><em>LIBER</em></span> <span class='ocrx_word' id='word_1_4' title='bbox 1065 241 1179 292; x_wconf 79' lang='grc' dir='ltr'>[Π.</span> <span class='ocrx_word' id='word_1_5' title='bbox 1248 242 1400 295; x_wconf 83' lang='lat' dir='ltr'>CAP.</span> <span class='ocrx_word' id='word_1_6' title='bbox 1448 238 1662 310; x_wconf 83' lang='lat'>38-43.</span> <span class='ocrx_word' id='word_1_7' title='bbox 2120 253 2230 310; x_wconf 88' lang='lat'>149</span> 
     </span>
    </p>
   </div>
   <div class='ocr_carea' id='block_1_2' title="bbox 149 395 2320 3615">
    <p class='ocr_par' dir='ltr' id='par_1_2' title="bbox 211 395 2234 672">
     <span class='ocr_line' id='line_1_2' title="bbox 211 395 2233 477; baseline 0.002 -25"><span class='ocrx_word' id='word_1_8' title='bbox 211 395 496 454; x_wconf 84' lang='lat' dir='ltr'>Visellius</span> <span class='ocrx_word' id='word_1_9' title='bbox 525 396 711 456; x_wconf 90' lang='lat' dir='ltr'>Varro</span> <span class='ocrx_word' id='word_1_10' title='bbox 737 396 1016 456; x_wconf 89' lang='lat' dir='ltr'>inferioris</span> <span class='ocrx_word' id='word_1_11' title='bbox 1055 397 1401 458; x_wconf 87' lang='lat' dir='ltr'>Germaniae</span> <span class='ocrx_word' id='word_1_12' title='bbox 1439 400 1662 476; x_wconf 92' lang='lat' dir='ltr'>legatus</span> <span class='ocrx_word' id='word_1_13' title='bbox 1699 400 1942 469; x_wconf 87' lang='lat' dir='ltr'>miserat,</span> <span class='ocrx_word' id='word_1_14' title='bbox 1976 400 2233 477; x_wconf 86' lang='lat' dir='ltr'>oppressi</span> 
     </span>
     <span class='ocr_line' id='line_1_3' title="bbox 213 495 2234 574; baseline 0 -22"><span class='ocrx_word' id='word_1_15' title='bbox 213 495 439 553; x_wconf 91' lang='lat' dir='ltr'>eodem</span> <span class='ocrx_word' id='word_1_16' title='bbox 467 495 669 554; x_wconf 90' lang='lat' dir='ltr'>Aviola</span> <span class='ocrx_word' id='word_1_17' title='bbox 712 496 859 555; x_wconf 91' lang='lat' dir='ltr'>duce</span> <span class='ocrx_word' id='word_1_18' title='bbox 903 505 961 555; x_wconf 93' lang='lat' dir='ltr'>et</span> <span class='ocrx_word' id='word_1_19' title='bbox 1002 498 1350 573; x_wconf 90' lang='lat' dir='ltr'>quibusdam</span> <span class='ocrx_word' id='word_1_20' title='bbox 1395 498 1708 557; x_wconf 89' lang='lat' dir='ltr'>Galliarum</span> <span class='ocrx_word' id='word_1_21' title='bbox 1749 498 2107 574; x_wconf 90' lang='lat' dir='ltr'>primoribus,</span> <span class='ocrx_word' id='word_1_22' title='bbox 2136 496 2234 573; x_wconf 92' lang='lat' dir='ltr'>qui</span> 
     </span>
     <span class='ocr_line' id='line_1_4' title="bbox 213 593 2234 672; baseline 0 -23"><span class='ocrx_word' id='word_1_23' title='bbox 213 593 407 651; x_wconf 78' lang='lat' dir='ltr'>tulere</span> <span class='ocrx_word' id='word_1_24' title='bbox 451 593 740 664; x_wconf 83' lang='lat' dir='ltr'>auxilium,</span> <span class='ocrx_word' id='word_1_25' title='bbox 783 611 898 671; x_wconf 94' lang='lat' dir='ltr'>quo</span> <span class='ocrx_word' id='word_1_26' title='bbox 945 594 1368 654; x_wconf 87' lang='lat' dir='ltr'>dissimularent</span> <span class='ocrx_word' id='word_1_27' title='bbox 1402 596 1788 655; x_wconf 91' lang='lat' dir='ltr'>defectionem</span> <span class='ocrx_word' id='word_1_28' title='bbox 1830 598 2133 672; x_wconf 84' lang='lat' dir='ltr'>magisque</span> <span class='ocrx_word' id='word_1_29' title='bbox 2174 595 2234 650; x_wconf 91' lang='lat' dir='ltr'>in</span> 
     </span>
    </p>

    <p class='ocr_par' dir='ltr' id='par_1_3' title="bbox 149 685 2284 1161">
     <span class='ocr_line' id='line_1_5' title="bbox 149 685 2235 769; baseline 0.001 -23"><span class='ocrx_word' id='word_1_30' title='bbox 149 696 189 740; x_wconf 81' lang='lat'>4</span> <span class='ocrx_word' id='word_1_31' title='bbox 216 700 492 766; x_wconf 91' lang='lat' dir='ltr'>tempore</span> <span class='ocrx_word' id='word_1_32' title='bbox 531 690 810 750; x_wconf 89' lang='lat' dir='ltr'>efferrent.</span> <span class='ocrx_word' id='word_1_33' title='bbox 897 703 1187 769; x_wconf 90' lang='lat' dir='ltr'>spectatus</span> <span class='ocrx_word' id='word_1_34' title='bbox 1224 705 1282 754; x_wconf 92' lang='lat' dir='ltr'>et</span> <span class='ocrx_word' id='word_1_35' title='bbox 1314 685 1585 753; x_wconf 81' lang='lat' dir='ltr'>¹Sacrovir</span> <span class='ocrx_word' id='word_1_36' title='bbox 1616 694 1830 751; x_wconf 91' lang='lat' dir='ltr'>intecto</span> <span class='ocrx_word' id='word_1_37' title='bbox 1866 694 2050 769; x_wconf 92' lang='lat' dir='ltr'>capite</span> <span class='ocrx_word' id='word_1_38' title='bbox 2091 710 2235 768; x_wconf 92' lang='lat' dir='ltr'>pug-</span> 
     </span>
     <span class='ocr_line' id='line_1_6' title="bbox 216 788 2284 865; baseline 0 -20"><span class='ocrx_word' id='word_1_39' title='bbox 216 806 363 846; x_wconf 89' lang='lat' dir='ltr'>nam</span> <span class='ocrx_word' id='word_1_40' title='bbox 392 808 502 865; x_wconf 94' lang='lat' dir='ltr'>pro</span> <span class='ocrx_word' id='word_1_41' title='bbox 533 788 813 849; x_wconf 89' lang='lat' dir='ltr'>Romanis</span> <span class='ocrx_word' id='word_1_42' title='bbox 842 790 1015 863; x_wconf 84' lang='lat' dir='ltr'>cienS,</span> <span class='ocrx_word' id='word_1_43' title='bbox 1046 794 1444 862; x_wconf 86' lang='lat' dir='ltr'>ostentandae,</span> <span class='ocrx_word' id='word_1_44' title='bbox 1474 802 1538 850; x_wconf 93' lang='lat' dir='ltr'>ut</span> <span class='ocrx_word' id='word_1_45' title='bbox 1575 792 1808 861; x_wconf 90' lang='lat' dir='ltr'>ferebat,</span> <span class='ocrx_word' id='word_1_46' title='bbox 1838 790 2050 848; x_wconf 90' lang='lat' dir='ltr'>virtutis</span> <span class='ocrx_word' id='word_1_47' title='bbox 2074 811 2088 848; x_wconf 76' lang='grc' dir='ltr'>ε</span> <span class='ocrx_word' id='word_1_48' title='bbox 2134 788 2236 847; x_wconf 89' lang='lat' dir='ltr'>sed</span> <span class='ocrx_word' id='word_1_49' title='bbox 2259 812 2284 859; x_wconf 85' lang='lat'>5</span> 
     </span>
     <span class='ocr_line' id='line_1_7' title="bbox 218 887 2236 968; baseline -0.001 -22"><span class='ocrx_word' id='word_1_50' title='bbox 218 887 450 962; x_wconf 88' lang='lat' dir='ltr'>captivi,</span> <span class='ocrx_word' id='word_1_51' title='bbox 509 907 585 947; x_wconf 91' lang='lat' dir='ltr'>ne</span> <span class='ocrx_word' id='word_1_52' title='bbox 644 889 1020 948; x_wconf 87' lang='lat' dir='ltr'>incesseretur</span> <span class='ocrx_word' id='word_1_53' title='bbox 1074 890 1213 963; x_wconf 88' lang='lat' dir='ltr'>telis,</span> <span class='ocrx_word' id='word_1_54' title='bbox 1271 890 1747 968; x_wconf 87' lang='lat' dir='ltr'>adgnoscendum</span> <span class='ocrx_word' id='word_1_55' title='bbox 1803 906 1863 947; x_wconf 91' lang='lat' dir='ltr'>se</span> <span class='ocrx_word' id='word_1_56' title='bbox 1910 887 2236 963; x_wconf 85' lang='lat' dir='ltr'>praebuisse</span> 
     </span>
     <span class='ocr_line' id='line_1_8' title="bbox 218 986 2234 1065; baseline -0 -22"><span class='ocrx_word' id='word_1_57' title='bbox 218 986 564 1060; x_wconf 85' lang='lat' dir='ltr'>arguebant.</span> <span class='ocrx_word' id='word_1_58' title='bbox 648 989 939 1047; x_wconf 89' lang='lat' dir='ltr'>consultus</span> <span class='ocrx_word' id='word_1_59' title='bbox 989 1006 1158 1065; x_wconf 91' lang='lat' dir='ltr'>super</span> <span class='ocrx_word' id='word_1_60' title='bbox 1201 1008 1272 1048; x_wconf 94' lang='lat' dir='ltr'>eo</span> <span class='ocrx_word' id='word_1_61' title='bbox 1319 989 1586 1048; x_wconf 91' lang='lat' dir='ltr'>Tiberius</span> <span class='ocrx_word' id='word_1_62' title='bbox 1635 996 1972 1064; x_wconf 90' lang='lat' dir='ltr'>aspernatus</span> <span class='ocrx_word' id='word_1_63' title='bbox 2016 995 2102 1044; x_wconf 92' lang='lat' dir='ltr'>est</span> <span class='ocrx_word' id='word_1_64' title='bbox 2147 986 2234 1042; x_wconf 90' lang='lat' dir='ltr'>in-</span> 
     </span>
     <span class='ocr_line' id='line_1_9' title="bbox 221 1082 1357 1161; baseline 0.005 -21"><span class='ocrx_word' id='word_1_65' title='bbox 221 1082 442 1141; x_wconf 91' lang='lat' dir='ltr'>dicium</span> <span class='ocrx_word' id='word_1_66' title='bbox 470 1084 718 1161; x_wconf 89' lang='lat' dir='ltr'>aluitque</span> <span class='ocrx_word' id='word_1_67' title='bbox 746 1086 1096 1145; x_wconf 89' lang='lat' dir='ltr'>dubitatione</span> <span class='ocrx_word' id='word_1_68' title='bbox 1125 1088 1357 1146; x_wconf 89' lang='lat' dir='ltr'>bellum.</span> 
     </span>
    </p>

    <p class='ocr_par' dir='ltr' id='par_1_4' title="bbox 225 1180 2317 1456">
     <span class='ocr_line' id='line_1_10' title="bbox 307 1180 2235 1263; baseline -0.001 -25"><span class='ocrx_word' id='word_1_69' title='bbox 307 1185 414 1240; x_wconf 84' lang='lat'>42.</span> <span class='ocrx_word' id='word_1_70' title='bbox 457 1180 697 1241; x_wconf 90' lang='lat' dir='ltr'>Interim</span> <span class='ocrx_word' id='word_1_71' title='bbox 714 1183 927 1243; x_wconf 84' lang='lat' dir='ltr'>Florus</span> <span class='ocrx_word' id='word_1_72' title='bbox 956 1185 1211 1244; x_wconf 90' lang='lat' dir='ltr'>insistere</span> <span class='ocrx_word' id='word_1_73' title='bbox 1243 1186 1552 1258; x_wconf 86' lang='lat' dir='ltr'>destinatiS,</span> <span class='ocrx_word' id='word_1_74' title='bbox 1581 1185 1844 1263; x_wconf 89' lang='lat' dir='ltr'>pellicere</span> <span class='ocrx_word' id='word_1_75' title='bbox 1887 1182 2040 1241; x_wconf 91' lang='lat' dir='ltr'>alam</span> <span class='ocrx_word' id='word_1_76' title='bbox 2079 1182 2235 1258; x_wconf 92' lang='lat' dir='ltr'>equi-</span> 
     </span>
     <span class='ocr_line' id='line_1_11' title="bbox 225 1282 2317 1359; baseline -0 -23"><span class='ocrx_word' id='word_1_77' title='bbox 225 1288 367 1348; x_wconf 86' lang='lat' dir='ltr'>tum,</span> <span class='ocrx_word' id='word_1_78' title='bbox 405 1296 553 1354; x_wconf 91' lang='lat' dir='ltr'>quae</span> <span class='ocrx_word' id='word_1_79' title='bbox 592 1282 921 1357; x_wconf 90' lang='lat' dir='ltr'>conscripta</span> <span class='ocrx_word' id='word_1_80' title='bbox 956 1301 990 1339; x_wconf 97' lang='lat' dir='ltr'>e</span> <span class='ocrx_word' id='word_1_81' title='bbox 1025 1282 1291 1342; x_wconf 89' lang='lat' dir='ltr'>Treveris</span> <span class='ocrx_word' id='word_1_82' title='bbox 1340 1285 1542 1342; x_wconf 89' lang='lat' dir='ltr'>militia</span> <span class='ocrx_word' id='word_1_83' title='bbox 1585 1283 1997 1359; x_wconf 91' lang='lat' dir='ltr'>disciplinaque</span> <span class='ocrx_word' id='word_1_84' title='bbox 2039 1291 2236 1339; x_wconf 89' lang='lat' dir='ltr'>nostra</span> <span class='ocrx_word' id='word_1_85' title='bbox 2258 1301 2317 1336; x_wconf 92' lang='lat'>10</span> 
     </span>
     <span class='ocr_line' id='line_1_12' title="bbox 226 1376 2235 1456; baseline 0.001 -22"><span class='ocrx_word' id='word_1_86' title='bbox 226 1376 565 1448; x_wconf 88' lang='lat' dir='ltr'>habebatur,</span> <span class='ocrx_word' id='word_1_87' title='bbox 594 1389 657 1436; x_wconf 90' lang='lat' dir='ltr'>ut</span> <span class='ocrx_word' id='word_1_88' title='bbox 685 1381 869 1438; x_wconf 88' lang='lat' dir='ltr'>caesis</span> <span class='ocrx_word' id='word_1_89' title='bbox 898 1382 1349 1456; x_wconf 87' lang='lat' dir='ltr'>negotiatoribus</span> <span class='ocrx_word' id='word_1_90' title='bbox 1380 1382 1667 1454; x_wconf 89' lang='lat' dir='ltr'>Romanis</span> <span class='ocrx_word' id='word_1_91' title='bbox 1688 1380 1900 1439; x_wconf 92' lang='lat' dir='ltr'>bellum</span> <span class='ocrx_word' id='word_1_92' title='bbox 1927 1379 2202 1455; x_wconf 91' lang='lat' dir='ltr'>inciperet</span> <span class='ocrx_word' id='word_1_93' title='bbox 2218 1395 2235 1448; x_wconf 81' lang='lat'><em>3</em></span> 
     </span>
    </p>

    <p class='ocr_par' dir='ltr' id='par_1_5' title="bbox 161 1475 2315 1845">
     <span class='ocr_line' id='line_1_13' title="bbox 161 1475 2238 1555; baseline 0 -23"><span class='ocrx_word' id='word_1_94' title='bbox 161 1488 198 1533; x_wconf 84' lang='lat'>2</span> <span class='ocrx_word' id='word_1_95' title='bbox 224 1476 514 1552; x_wconf 90' lang='lat' dir='ltr'>paucique</span> <span class='ocrx_word' id='word_1_96' title='bbox 552 1477 808 1551; x_wconf 91' lang='lat' dir='ltr'>equitum</span> <span class='ocrx_word' id='word_1_97' title='bbox 848 1479 1117 1555; x_wconf 90' lang='lat' dir='ltr'>corrupti,</span> <span class='ocrx_word' id='word_1_98' title='bbox 1162 1480 1354 1555; x_wconf 90' lang='lat' dir='ltr'>plures</span> <span class='ocrx_word' id='word_1_99' title='bbox 1395 1481 1456 1537; x_wconf 91' lang='lat' dir='ltr'>in</span> <span class='ocrx_word' id='word_1_100' title='bbox 1493 1480 1683 1539; x_wconf 90' lang='lat' dir='ltr'>officio</span> <span class='ocrx_word' id='word_1_101' title='bbox 1723 1496 2002 1540; x_wconf 81' lang='lat' dir='ltr'>mansere.</span> <span class='ocrx_word' id='word_1_102' title='bbox 2082 1475 2238 1534; x_wconf 91' lang='lat' dir='ltr'>aliud</span> 
     </span>
     <span class='ocr_line' id='line_1_14' title="bbox 225 1573 2237 1651; baseline 0 -21"><span class='ocrx_word' id='word_1_103' title='bbox 225 1573 434 1647; x_wconf 88' lang='lat' dir='ltr'>vulgus</span> <span class='ocrx_word' id='word_1_104' title='bbox 477 1576 882 1633; x_wconf 89' lang='lat' dir='ltr'>obaeratorum</span> <span class='ocrx_word' id='word_1_105' title='bbox 925 1586 1023 1634; x_wconf 91' lang='lat' dir='ltr'>aut</span> <span class='ocrx_word' id='word_1_106' title='bbox 1066 1577 1357 1635; x_wconf 92' lang='lat' dir='ltr'>clientium</span> <span class='ocrx_word' id='word_1_107' title='bbox 1399 1596 1561 1635; x_wconf 91' lang='lat' dir='ltr'>arma</span> <span class='ocrx_word' id='word_1_108' title='bbox 1604 1577 1789 1651; x_wconf 85' lang='lat' dir='ltr'>cepit3</span> <span class='ocrx_word' id='word_1_109' title='bbox 1853 1576 2237 1651; x_wconf 89' lang='lat' dir='ltr'>petebantque</span> 
     </span>
     <span class='ocr_line' id='line_1_15' title="bbox 226 1672 2238 1751; baseline 0 -22"><span class='ocrx_word' id='word_1_110' title='bbox 226 1672 407 1729; x_wconf 89' lang='lat' dir='ltr'>saltus</span> <span class='ocrx_word' id='word_1_111' title='bbox 464 1672 671 1747; x_wconf 87' lang='lat' dir='ltr'>quibus</span> <span class='ocrx_word' id='word_1_112' title='bbox 726 1692 941 1732; x_wconf 92' lang='lat' dir='ltr'>nomen</span> <span class='ocrx_word' id='word_1_113' title='bbox 990 1675 1327 1747; x_wconf 90' lang='lat' dir='ltr'>Arduenna,</span> <span class='ocrx_word' id='word_1_114' title='bbox 1377 1693 1510 1733; x_wconf 91' lang='lat' dir='ltr'>cum</span> <span class='ocrx_word' id='word_1_115' title='bbox 1558 1674 1814 1751; x_wconf 89' lang='lat' dir='ltr'>legiones</span> <span class='ocrx_word' id='word_1_116' title='bbox 1868 1684 2107 1750; x_wconf 91' lang='lat' dir='ltr'>utroque</span> <span class='ocrx_word' id='word_1_117' title='bbox 2162 1674 2238 1730; x_wconf 90' lang='lat' dir='ltr'>ab</span> 
     </span>
     <span class='ocr_line' id='line_1_16' title="bbox 225 1770 2315 1845; baseline -0 -17"><span class='ocrx_word' id='word_1_118' title='bbox 225 1770 503 1839; x_wconf 85' lang='lat' dir='ltr'>exercitu,</span> <span class='ocrx_word' id='word_1_119' title='bbox 532 1788 676 1845; x_wconf 89' lang='lat' dir='ltr'>quas</span> <span class='ocrx_word' id='word_1_120' title='bbox 710 1770 978 1830; x_wconf 88' lang='lat' dir='ltr'>Visellius</span> <span class='ocrx_word' id='word_1_121' title='bbox 1008 1782 1064 1831; x_wconf 90' lang='lat' dir='ltr'>et</span> <span class='ocrx_word' id='word_1_122' title='bbox 1093 1771 1162 1831; x_wconf 91' lang='lat' dir='ltr'>C.</span> <span class='ocrx_word' id='word_1_123' title='bbox 1196 1774 1365 1831; x_wconf 89' lang='lat' dir='ltr'>Silius</span> <span class='ocrx_word' id='word_1_124' title='bbox 1393 1773 1644 1832; x_wconf 89' lang='lat' dir='ltr'>adversis</span> <span class='ocrx_word' id='word_1_125' title='bbox 1682 1772 1974 1830; x_wconf 87' lang='lat' dir='ltr'>itineribus</span> <span class='ocrx_word' id='word_1_126' title='bbox 2008 1772 2236 1830; x_wconf 92' lang='lat' dir='ltr'>obiece-</span> <span class='ocrx_word' id='word_1_127' title='bbox 2260 1792 2315 1841; x_wconf 89' lang='lat'>15</span> 
     </span>
    </p>

    <p class='ocr_par' dir='ltr' id='par_1_6' title="bbox 162 1868 2238 2140">
     <span class='ocr_line' id='line_1_17' title="bbox 162 1868 2238 1947; baseline 0 -23"><span class='ocrx_word' id='word_1_128' title='bbox 162 1879 196 1924; x_wconf 83' lang='lat'><strong>3</strong></span> <span class='ocrx_word' id='word_1_129' title='bbox 225 1871 378 1938; x_wconf 88' lang='lat' dir='ltr'>rant,</span> <span class='ocrx_word' id='word_1_130' title='bbox 433 1878 749 1926; x_wconf 87' lang='lat' dir='ltr'>arcuerunt.</span> <span class='ocrx_word' id='word_1_131' title='bbox 860 1871 1320 1947; x_wconf 90' lang='lat' dir='ltr'>praemissusque</span> <span class='ocrx_word' id='word_1_132' title='bbox 1377 1888 1509 1929; x_wconf 91' lang='lat' dir='ltr'>cum</span> <span class='ocrx_word' id='word_1_133' title='bbox 1565 1870 1786 1930; x_wconf 90' lang='lat' dir='ltr'>delecta</span> <span class='ocrx_word' id='word_1_134' title='bbox 1840 1887 2020 1927; x_wconf 91' lang='lat' dir='ltr'>manu</span> <span class='ocrx_word' id='word_1_135' title='bbox 2063 1868 2238 1926; x_wconf 93' lang='lat' dir='ltr'>Iulius</span> 
     </span>
     <span class='ocr_line' id='line_1_18' title="bbox 227 1966 2237 2040; baseline 0.001 -16"><span class='ocrx_word' id='word_1_136' title='bbox 227 1966 415 2024; x_wconf 91' lang='lat' dir='ltr'>Indus</span> <span class='ocrx_word' id='word_1_137' title='bbox 464 1985 497 2024; x_wconf 91' lang='lat' dir='ltr'>e</span> <span class='ocrx_word' id='word_1_138' title='bbox 543 1968 767 2026; x_wconf 90' lang='lat' dir='ltr'>civitate</span> <span class='ocrx_word' id='word_1_139' title='bbox 813 1969 1035 2040; x_wconf 89' lang='lat' dir='ltr'>eadem,</span> <span class='ocrx_word' id='word_1_140' title='bbox 1085 1970 1310 2029; x_wconf 90' lang='lat' dir='ltr'>discors</span> <span class='ocrx_word' id='word_1_141' title='bbox 1356 1970 1529 2029; x_wconf 91' lang='lat' dir='ltr'>Floro</span> <span class='ocrx_word' id='word_1_142' title='bbox 1588 1980 1644 2028; x_wconf 90' lang='lat' dir='ltr'>et</span> <span class='ocrx_word' id='word_1_143' title='bbox 1698 1971 1777 2027; x_wconf 96' lang='lat' dir='ltr'>ob</span> <span class='ocrx_word' id='word_1_144' title='bbox 1831 1969 1889 2027; x_wconf 92' lang='lat' dir='ltr'>id</span> <span class='ocrx_word' id='word_1_145' title='bbox 1940 1968 2237 2026; x_wconf 85' lang='lat' dir='ltr'>navandae</span> 
     </span>
     <span class='ocr_line' id='line_1_19' title="bbox 227 2065 2234 2140; baseline 0.001 -19"><span class='ocrx_word' id='word_1_146' title='bbox 227 2082 447 2140; x_wconf 88' lang='lat' dir='ltr'>operae</span> <span class='ocrx_word' id='word_1_147' title='bbox 520 2065 753 2136; x_wconf 90' lang='lat' dir='ltr'>avidior,</span> <span class='ocrx_word' id='word_1_148' title='bbox 824 2067 1178 2126; x_wconf 87' lang='lat' dir='ltr'>inconditam</span> <span class='ocrx_word' id='word_1_149' title='bbox 1247 2068 1668 2127; x_wconf 90' lang='lat' dir='ltr'>multitudinem</span> <span class='ocrx_word' id='word_1_150' title='bbox 1738 2067 1926 2126; x_wconf 89' lang='lat' dir='ltr'>adhuc</span> <span class='ocrx_word' id='word_1_151' title='bbox 2000 2066 2234 2125; x_wconf 90' lang='lat' dir='ltr'>disiecit.</span> 
     </span>
    </p>

    <p class='ocr_par' dir='ltr' id='par_1_7' title="bbox 164 2162 2315 2451">
     <span class='ocr_line' id='line_1_20' title="bbox 164 2162 2239 2241; baseline 0.002 -23"><span class='ocrx_word' id='word_1_152' title='bbox 164 2167 200 2212; x_wconf 73' lang='lat'><em>4</em></span> <span class='ocrx_word' id='word_1_153' title='bbox 228 2162 438 2220; x_wconf 91' lang='lat' dir='ltr'>Florus</span> <span class='ocrx_word' id='word_1_154' title='bbox 502 2163 730 2221; x_wconf 88' lang='lat' dir='ltr'>incertis</span> <span class='ocrx_word' id='word_1_155' title='bbox 794 2164 1021 2224; x_wconf 91' lang='lat' dir='ltr'>latebris</span> <span class='ocrx_word' id='word_1_156' title='bbox 1076 2166 1321 2225; x_wconf 92' lang='lat' dir='ltr'>victores</span> <span class='ocrx_word' id='word_1_157' title='bbox 1388 2166 1698 2235; x_wconf 81' lang='lat' dir='ltr'>frustratuS‚</span> <span class='ocrx_word' id='word_1_158' title='bbox 1756 2175 2050 2241; x_wconf 91' lang='lat' dir='ltr'>postremo</span> <span class='ocrx_word' id='word_1_159' title='bbox 2105 2165 2239 2224; x_wconf 90' lang='lat' dir='ltr'>visis</span> 
     </span>
     <span class='ocr_line' id='line_1_21' title="bbox 228 2260 2315 2339; baseline 0.001 -22"><span class='ocrx_word' id='word_1_160' title='bbox 228 2260 506 2318; x_wconf 90' lang='lat' dir='ltr'>militibus</span> <span class='ocrx_word' id='word_1_161' title='bbox 555 2263 652 2336; x_wconf 91' lang='lat' dir='ltr'>qui</span> <span class='ocrx_word' id='word_1_162' title='bbox 707 2262 921 2339; x_wconf 89' lang='lat' dir='ltr'>effugia</span> <span class='ocrx_word' id='word_1_163' title='bbox 967 2263 1308 2335; x_wconf 90' lang='lat' dir='ltr'>insederant,</span> <span class='ocrx_word' id='word_1_164' title='bbox 1366 2282 1469 2323; x_wconf 87' lang='lat' dir='ltr'>sua</span> <span class='ocrx_word' id='word_1_165' title='bbox 1524 2281 1702 2321; x_wconf 91' lang='lat' dir='ltr'>manu</span> <span class='ocrx_word' id='word_1_166' title='bbox 1756 2263 1977 2323; x_wconf 87' lang='lat' dir='ltr'>cecidit.</span> <span class='ocrx_word' id='word_1_167' title='bbox 2073 2264 2235 2339; x_wconf 89' lang='lat' dir='ltr'>isque</span> <span class='ocrx_word' id='word_1_168' title='bbox 2256 2285 2315 2321; x_wconf 80' lang='lat'>20</span> 
     </span>
     <span class='ocr_line' id='line_1_22' title="bbox 231 2359 1998 2451; baseline 0.004 -35"><span class='ocrx_word' id='word_1_169' title='bbox 231 2359 528 2418; x_wconf 90' lang='lat' dir='ltr'>Treverici</span> <span class='ocrx_word' id='word_1_170' title='bbox 555 2360 823 2419; x_wconf 91' lang='lat' dir='ltr'>tumultus</span> <span class='ocrx_word' id='word_1_171' title='bbox 850 2362 998 2420; x_wconf 90' lang='lat' dir='ltr'>finis.</span> <span class='ocrx_word' id='word_1_172' title='bbox 1985 2436 1998 2451; x_wconf 18' lang='grc' dir='ltr'><strong>ῃ</strong></span> 
     </span>
    </p>

    <p class='ocr_par' dir='ltr' id='par_1_8' title="bbox 230 2458 2320 2929">
     <span class='ocr_line' id='line_1_23' title="bbox 316 2458 2237 2536; baseline 0.003 -22"><span class='ocrx_word' id='word_1_173' title='bbox 316 2461 419 2516; x_wconf 86' lang='grc'>43.</span> <span class='ocrx_word' id='word_1_174' title='bbox 475 2458 649 2534; x_wconf 92' lang='lat' dir='ltr'>Apud</span> <span class='ocrx_word' id='word_1_175' title='bbox 705 2460 944 2518; x_wconf 92' lang='lat' dir='ltr'>Aeduos</span> <span class='ocrx_word' id='word_1_176' title='bbox 1000 2461 1184 2519; x_wconf 91' lang='lat' dir='ltr'>maior</span> <span class='ocrx_word' id='word_1_177' title='bbox 1243 2461 1428 2521; x_wconf 91' lang='lat' dir='ltr'>moles</span> <span class='ocrx_word' id='word_1_178' title='bbox 1484 2471 1700 2530; x_wconf 86' lang='lat' dir='ltr'>exorta,</span> <span class='ocrx_word' id='word_1_179' title='bbox 1758 2471 1975 2536; x_wconf 91' lang='lat' dir='ltr'>quanto</span> <span class='ocrx_word' id='word_1_180' title='bbox 2041 2461 2237 2519; x_wconf 90' lang='lat' dir='ltr'>civitas</span> 
     </span>
     <span class='ocr_line' id='line_1_24' title="bbox 231 2555 2236 2636; baseline 0.001 -23"><span class='ocrx_word' id='word_1_181' title='bbox 231 2555 558 2633; x_wconf 90' lang='lat' dir='ltr'>opulentior</span> <span class='ocrx_word' id='word_1_182' title='bbox 602 2566 658 2615; x_wconf 94' lang='lat' dir='ltr'>et</span> <span class='ocrx_word' id='word_1_183' title='bbox 708 2558 1132 2633; x_wconf 89' lang='lat' dir='ltr'>comprimendi</span> <span class='ocrx_word' id='word_1_184' title='bbox 1179 2560 1381 2635; x_wconf 93' lang='lat' dir='ltr'>procul</span> <span class='ocrx_word' id='word_1_185' title='bbox 1437 2560 1802 2636; x_wconf 88' lang='lat' dir='ltr'>praesidium.</span> <span class='ocrx_word' id='word_1_186' title='bbox 1871 2559 2236 2634; x_wconf 89' lang='lat' dir='ltr'>Augustodu-</span> 
     </span>
     <span class='ocr_line' id='line_1_25' title="bbox 230 2655 2235 2733; baseline 0.001 -22"><span class='ocrx_word' id='word_1_187' title='bbox 230 2672 375 2712; x_wconf 91' lang='lat' dir='ltr'>num</span> <span class='ocrx_word' id='word_1_188' title='bbox 427 2664 600 2730; x_wconf 91' lang='lat' dir='ltr'>caput</span> <span class='ocrx_word' id='word_1_189' title='bbox 648 2655 834 2730; x_wconf 89' lang='lat' dir='ltr'>gentis</span> <span class='ocrx_word' id='word_1_190' title='bbox 879 2657 1114 2727; x_wconf 87' lang='lat' dir='ltr'>armatis</span> <span class='ocrx_word' id='word_1_191' title='bbox 1160 2658 1489 2716; x_wconf 92' lang='lat' dir='ltr'>cohortibus</span> <span class='ocrx_word' id='word_1_192' title='bbox 1537 2657 1800 2715; x_wconf 90' lang='lat' dir='ltr'>Sacrovir</span> <span class='ocrx_word' id='word_1_193' title='bbox 1821 2696 1824 2699; x_wconf 94' lang='lat'>-</span> <span class='ocrx_word' id='word_1_194' title='bbox 1843 2667 2235 2733; x_wconf 89' lang='lat' dir='ltr'>occupaverat,</span> 
     </span>
     <span class='ocr_line' id='line_1_26' title="bbox 233 2743 2320 2827; baseline -0 -18"><span class='ocrx_word' id='word_1_195' title='bbox 233 2759 299 2809; x_wconf 84' lang='lat' dir='ltr'>ut</span> <span class='ocrx_word' id='word_1_196' title='bbox 324 2752 742 2811; x_wconf 86' lang='lat' dir='ltr'>nobilissimam</span> <span class='ocrx_word' id='word_1_197' title='bbox 765 2752 1081 2812; x_wconf 89' lang='lat' dir='ltr'>Galliarum</span> <span class='ocrx_word' id='word_1_198' title='bbox 1120 2743 1382 2813; x_wconf 87' lang='lat' dir='ltr'>subolem</span> <span class='ocrx_word' id='word_1_199' title='bbox 1405 2754 1733 2812; x_wconf 87' lang='lat' dir='ltr'>liberalibus</span> <span class='ocrx_word' id='word_1_200' title='bbox 1755 2753 1952 2811; x_wconf 89' lang='lat' dir='ltr'>studiis</span> <span class='ocrx_word' id='word_1_201' title='bbox 1974 2753 2053 2810; x_wconf 94' lang='lat' dir='ltr'>ibi</span> <span class='ocrx_word' id='word_1_202' title='bbox 2075 2770 2240 2827; x_wconf 89' lang='lat' dir='ltr'>oper·</span> <span class='ocrx_word' id='word_1_203' title='bbox 2263 2775 2287 2808; x_wconf 82' lang='lat'><em>2</em></span> <span class='ocrx_word' id='word_1_204' title='bbox 2293 2776 2320 2823; x_wconf 83' lang='lat'>5</span> 
     </span>
     <span class='ocr_line' id='line_1_27' title="bbox 233 2850 2237 2929; baseline -0 -22"><span class='ocrx_word' id='word_1_205' title='bbox 233 2862 406 2920; x_wconf 90' lang='lat' dir='ltr'>atam,</span> <span class='ocrx_word' id='word_1_206' title='bbox 451 2860 508 2908; x_wconf 93' lang='lat' dir='ltr'>et</span> <span class='ocrx_word' id='word_1_207' title='bbox 556 2869 627 2909; x_wconf 95' lang='lat' dir='ltr'>eo</span> <span class='ocrx_word' id='word_1_208' title='bbox 669 2851 915 2926; x_wconf 91' lang='lat' dir='ltr'>pignore</span> <span class='ocrx_word' id='word_1_209' title='bbox 956 2863 1222 2927; x_wconf 88' lang='lat' dir='ltr'>parentes</span> <span class='ocrx_word' id='word_1_210' title='bbox 1264 2852 1740 2929; x_wconf 89' lang='lat' dir='ltr'>propinquosque</span> <span class='ocrx_word' id='word_1_211' title='bbox 1788 2868 1987 2909; x_wconf 90' lang='lat' dir='ltr'>eorum</span> <span class='ocrx_word' id='word_1_212' title='bbox 2037 2850 2237 2907; x_wconf 90' lang='lat' dir='ltr'>adiun-</span> 
     </span>
    </p>

    <p class='ocr_par' dir='ltr' id='par_1_9' title="bbox 169 2948 2239 3223">
     <span class='ocr_line' id='line_1_28' title="bbox 169 2948 2237 3024; baseline -0.003 -14"><span class='ocrx_word' id='word_1_213' title='bbox 169 2966 205 3010; x_wconf 84' lang='lat'>2</span> <span class='ocrx_word' id='word_1_214' title='bbox 234 2959 392 3024; x_wconf 92' lang='lat' dir='ltr'>geret</span> <span class='ocrx_word' id='word_1_215' title='bbox 408 2967 425 3020; x_wconf 81' lang='lat'><em>3</em></span> <span class='ocrx_word' id='word_1_216' title='bbox 471 2948 638 3005; x_wconf 87' lang='lat' dir='ltr'>simul</span> <span class='ocrx_word' id='word_1_217' title='bbox 668 2967 829 3006; x_wconf 91' lang='lat' dir='ltr'>arma</span> <span class='ocrx_word' id='word_1_218' title='bbox 857 2950 1079 3008; x_wconf 92' lang='lat' dir='ltr'>occulte</span> <span class='ocrx_word' id='word_1_219' title='bbox 1109 2949 1385 3008; x_wconf 88' lang='lat' dir='ltr'>fabricata</span> <span class='ocrx_word' id='word_1_220' title='bbox 1413 2949 1686 3008; x_wconf 91' lang='lat' dir='ltr'>iuventuti</span> <span class='ocrx_word' id='word_1_221' title='bbox 1713 2948 1987 3024; x_wconf 88' lang='lat' dir='ltr'>dispertit.</span> <span class='ocrx_word' id='word_1_222' title='bbox 2057 2948 2237 3022; x_wconf 93' lang='lat' dir='ltr'>quad-</span> 
     </span>
     <span class='ocr_line' id='line_1_29' title="bbox 233 3046 2239 3124; baseline -0.001 -19"><span class='ocrx_word' id='word_1_223' title='bbox 233 3047 459 3123; x_wconf 90' lang='lat' dir='ltr'>raginta</span> <span class='ocrx_word' id='word_1_224' title='bbox 498 3046 654 3104; x_wconf 90' lang='lat' dir='ltr'>milia</span> <span class='ocrx_word' id='word_1_225' title='bbox 692 3046 865 3118; x_wconf 91' lang='lat' dir='ltr'>fuere,</span> <span class='ocrx_word' id='word_1_226' title='bbox 909 3048 1107 3123; x_wconf 93' lang='lat' dir='ltr'>quinta</span> <span class='ocrx_word' id='word_1_227' title='bbox 1146 3048 1232 3105; x_wconf 92' lang='lat' dir='ltr'>sui</span> <span class='ocrx_word' id='word_1_228' title='bbox 1273 3052 1432 3124; x_wconf 72' lang='lat' dir='ltr'>pa&#39;rte</span> <span class='ocrx_word' id='word_1_229' title='bbox 1472 3047 1802 3123; x_wconf 89' lang='lat' dir='ltr'>legionariis</span> <span class='ocrx_word' id='word_1_230' title='bbox 1844 3046 2034 3114; x_wconf 82' lang='lat' dir='ltr'>armiS,</span> <span class='ocrx_word' id='word_1_231' title='bbox 2067 3046 2239 3103; x_wconf 88' lang='lat' dir='ltr'>ceteri</span> 
     </span>
     <span class='ocr_line' id='line_1_30' title="bbox 234 3143 2232 3223; baseline -0.003 -19"><span class='ocrx_word' id='word_1_232' title='bbox 234 3163 369 3204; x_wconf 88' lang='lat' dir='ltr'>cum</span> <span class='ocrx_word' id='word_1_233' title='bbox 414 3146 708 3203; x_wconf 89' lang='lat' dir='ltr'>venabulis</span> <span class='ocrx_word' id='word_1_234' title='bbox 753 3156 810 3204; x_wconf 96' lang='lat' dir='ltr'>et</span> <span class='ocrx_word' id='word_1_235' title='bbox 855 3147 1047 3204; x_wconf 87' lang='lat' dir='ltr'>cultris</span> <span class='ocrx_word' id='word_1_236' title='bbox 1090 3165 1353 3223; x_wconf 93' lang='lat' dir='ltr'>quaeque</span> <span class='ocrx_word' id='word_1_237' title='bbox 1398 3147 1507 3205; x_wconf 89' lang='lat' dir='ltr'>alia</span> <span class='ocrx_word' id='word_1_238' title='bbox 1549 3144 1887 3205; x_wconf 90' lang='lat' dir='ltr'>venantibus</span> <span class='ocrx_word' id='word_1_239' title='bbox 1937 3143 2047 3201; x_wconf 90' lang='lat' dir='ltr'>tela</span> <span class='ocrx_word' id='word_1_240' title='bbox 2090 3153 2232 3200; x_wconf 88' lang='lat' dir='ltr'>sunt.</span> 
     </span>
    </p>

    <p class='ocr_par' dir='ltr' id='par_1_10' title="bbox 173 3241 2318 3419">
     <span class='ocr_line' id='line_1_31' title="bbox 173 3241 2318 3320; baseline -0.003 -16"><span class='ocrx_word' id='word_1_241' title='bbox 173 3259 206 3305; x_wconf 85' lang='lat'><strong>3</strong></span> <span class='ocrx_word' id='word_1_242' title='bbox 234 3244 522 3302; x_wconf 83' lang='lat' dir='ltr'>adduntur</span> <span class='ocrx_word' id='word_1_243' title='bbox 548 3262 581 3301; x_wconf 93' lang='lat' dir='ltr'>e</span> <span class='ocrx_word' id='word_1_244' title='bbox 611 3243 846 3301; x_wconf 87' lang='lat' dir='ltr'>servitiis</span> <span class='ocrx_word' id='word_1_245' title='bbox 874 3244 1225 3320; x_wconf 90' lang='lat' dir='ltr'>gladiaturae</span> <span class='ocrx_word' id='word_1_246' title='bbox 1255 3245 1538 3314; x_wconf 91' lang='lat' dir='ltr'>destinati,</span> <span class='ocrx_word' id='word_1_247' title='bbox 1570 3244 1775 3319; x_wconf 89' lang='lat' dir='ltr'>quibus</span> <span class='ocrx_word' id='word_1_248' title='bbox 1815 3259 1975 3299; x_wconf 89' lang='lat' dir='ltr'>more</span> <span class='ocrx_word' id='word_1_249' title='bbox 2006 3241 2238 3315; x_wconf 90' lang='lat' dir='ltr'>gentico</span> <span class='ocrx_word' id='word_1_250' title='bbox 2256 3264 2318 3311; x_wconf 85' lang='lat'>30</span> 
     </span>
     <span class='ocr_line' id='line_1_32' title="bbox 236 3338 2239 3419; baseline -0.002 -19"><span class='ocrx_word' id='word_1_251' title='bbox 236 3342 573 3402; x_wconf 91' lang='lat' dir='ltr'>continuum</span> <span class='ocrx_word' id='word_1_252' title='bbox 630 3341 763 3400; x_wconf 90' lang='lat' dir='ltr'>ferri</span> <span class='ocrx_word' id='word_1_253' title='bbox 817 3343 1107 3418; x_wconf 88' lang='lat' dir='ltr'>tegimen:</span> <span class='ocrx_word' id='word_1_254' title='bbox 1175 3343 1587 3419; x_wconf 90' lang='lat' dir='ltr'>cruppellarios</span> <span class='ocrx_word' id='word_1_255' title='bbox 1644 3349 1870 3409; x_wconf 77' lang='lat' dir='ltr'>vocant,</span> <span class='ocrx_word' id='word_1_256' title='bbox 1929 3338 2239 3396; x_wconf 86' lang='lat' dir='ltr'>inferendis</span> 
     </span>
    </p>

    <p class='ocr_par' dir='ltr' id='par_1_11' title="bbox 171 3438 2239 3615">
     <span class='ocr_line' id='line_1_33' title="bbox 171 3438 2239 3517; baseline -0.001 -19"><span class='ocrx_word' id='word_1_257' title='bbox 171 3454 211 3498; x_wconf 81' lang='lat'>4</span> <span class='ocrx_word' id='word_1_258' title='bbox 237 3441 441 3499; x_wconf 90' lang='lat' dir='ltr'>ictibus</span> <span class='ocrx_word' id='word_1_259' title='bbox 480 3439 778 3511; x_wconf 90' lang='lat' dir='ltr'>inhabiles,</span> <span class='ocrx_word' id='word_1_260' title='bbox 813 3440 1164 3516; x_wconf 88' lang='lat' dir='ltr'>accipiendis</span> <span class='ocrx_word' id='word_1_261' title='bbox 1202 3440 1654 3517; x_wconf 80' lang='lat' dir='ltr'>inpenetrabiles</span> <span class='ocrx_word' id='word_1_262' title='bbox 1742 3438 2096 3512; x_wconf 91' lang='lat' dir='ltr'>augebantur</span> <span class='ocrx_word' id='word_1_263' title='bbox 2134 3455 2239 3495; x_wconf 91' lang='lat' dir='ltr'>eae</span> 
     </span>
     <span class='ocr_line' id='line_1_34' title="bbox 235 3535 2235 3615; baseline -0.003 -18"><span class='ocrx_word' id='word_1_264' title='bbox 235 3538 437 3615; x_wconf 88' lang='lat' dir='ltr'>copiae</span> <span class='ocrx_word' id='word_1_265' title='bbox 489 3538 807 3596; x_wconf 89' lang='lat' dir='ltr'>vicinarum</span> <span class='ocrx_word' id='word_1_266' title='bbox 853 3539 1141 3597; x_wconf 89' lang='lat' dir='ltr'>civitatum</span> <span class='ocrx_word' id='word_1_267' title='bbox 1179 3547 1243 3594; x_wconf 95' lang='lat' dir='ltr'>ut</span> <span class='ocrx_word' id='word_1_268' title='bbox 1284 3538 1547 3598; x_wconf 89' lang='lat' dir='ltr'>nondum</span> <span class='ocrx_word' id='word_1_269' title='bbox 1589 3545 1786 3612; x_wconf 86' lang='lat' dir='ltr'>aperta</span> <span class='ocrx_word' id='word_1_270' title='bbox 1831 3535 2235 3607; x_wconf 90' lang='lat' dir='ltr'>consensione,</span> 
     </span>
    </p>
   </div>
  </div>
 </body>
</html>
