2594 3925
166 252 298 294 Aa).
327 229 436 315 14.]
781 242 1014 292 LIBER
1053 243 1100 291 I.
1163 240 1315 291 CAP.
1362 246 1576 307 37-41.
2109 232 2184 305 65

168 401 487 469 tutabatur,
518 417 586 457 ac
624 399 682 455 ni
718 398 975 474 aquilifer
1002 397 1344 474 Calpurnius
1377 398 1494 456 vim
1533 407 1848 456 extremam
1891 395 2182 466 arcuisset,

167 515 372 555 rarum
418 497 592 555 etiam
641 497 785 554 inter
828 495 1040 566 hostes,
1087 497 1309 572 legatus
1353 495 1553 572 populi
1600 495 1854 553 Romani
1898 491 2184 552 Romanis

109 603 146 649 Β
170 595 234 651 in
270 595 475 653 castris
513 595 793 670 sanguine
833 612 940 653 suo
978 595 1173 653 altaria
1206 595 1383 654 deum
1418 593 1969 654 commaculavisset.
2055 592 2184 649 luce

171 693 438 762 demum,
489 702 799 769 postquam
848 692 964 750 dux
1013 704 1071 752 et
1118 694 1282 753 miles
1331 704 1388 753 et
1434 694 1584 752 facta
1641 693 2050 761 noscebantur,
2100 691 2186 747 in-

169 808 415 867 gressus
455 801 641 850 castra
682 791 1064 851 Germanicus
1107 792 1346 868 perduci
1394 793 1468 851 ad
1514 811 1577 853 se
1622 792 1902 851 Plancum
1943 792 2187 865 imperat
2209 809 2235 858 5

168 890 512 967 recepitque
539 891 597 947 in
626 891 886 950 tribunal.
972 901 1094 951 turn
1132 891 1363 950 fatalem
1392 892 1700 967 increpans
1728 890 1964 958 rabiem,
1995 904 2185 964 neque

172 989 427 1046 militum
471 990 575 1048 sed
616 989 789 1048 deum
830 989 912 1047 ira
953 1009 1266 1067 resurgere,
1311 1008 1412 1049 cur
1451 990 1710 1048 venerint
1750 988 1924 1064 legati
1970 985 2185 1061 aperit3

172 1087 265 1144 ius
292 1087 602 1162 legationis
644 1097 814 1164 atque
860 1088 1039 1163 ipsius
1083 1087 1281 1148 Planci
1331 1106 1565 1165 gravem
1615 1097 1672 1146 et
1717 1086 2046 1145 inmeritum
2091 1101 2185 1140 ca-

174 1201 328 1255 sum,
362 1185 534 1243 simul
576 1195 854 1261 quantum
888 1185 1186 1244 dedecoris
1225 1185 1425 1244 adierit
1461 1185 1630 1261 legio,
1666 1183 1911 1242 facunde
1948 1181 2183 1240 misera-

173 1290 285 1352 tur,
316 1283 671 1359 attonitaque
699 1284 883 1360 magis
917 1301 1094 1360 quam
1123 1283 1320 1358 quieta
1348 1283 1618 1383 contione
1646 1281 1868 1359 legatos
1897 1277 2184 1358 praesidio
2210 1299 2270 1334 10

168 1380 541 1437 auxiliarium
584 1381 843 1457 equitum
887 1380 1131 1441 dimittit.

261 1482 374 1534 40.
417 1475 510 1536 Eo
550 1477 609 1534 in
650 1488 809 1535 metu
853 1496 1093 1554 arguere
1138 1477 1550 1538 Germanicum
1600 1498 1823 1549 omneS,
1865 1477 2024 1554 quod
2067 1494 2188 1536 non

177 1575 256 1632 ad
306 1575 661 1652 superiorem
706 1576 1020 1636 exercitum
1068 1588 1350 1654 pergeret,
1401 1580 1499 1637 ubi
1549 1579 1827 1654 obsequia
1874 1586 1931 1636 et
1986 1584 2188 1635 contra

175 1673 405 1732 rebellis
434 1675 737 1733 auxilium:
784 1676 919 1733 satis
949 1693 1231 1752 superque
1260 1677 1539 1736 missione
1567 1686 1625 1735 et
1661 1677 1910 1752 pecunia
1948 1686 2006 1735 et
2039 1674 2190 1732 mol-

111 1790 147 1836 2
174 1772 330 1831 libus
378 1773 653 1833 consultis
701 1783 1025 1850 peccatum.
1109 1776 1199 1833 vel
1242 1776 1290 1834 si
1333 1776 1453 1833 vilis
1494 1775 1604 1851 ipsi
1650 1775 1821 1847 salus,
1864 1792 1966 1833 cur
2006 1773 2184 1830 filium
2212 1794 2267 1843 15

174 1871 499 1947 parvulum,
545 1890 647 1929 cur
688 1873 987 1948 gravidam
1043 1873 1354 1948 coniugem
1400 1874 1546 1932 inter
1590 1873 1841 1932 furentes
1891 1881 1948 1931 et
1996 1870 2186 1930 omnis

170 1970 421 2028 humani
472 1970 608 2030 iuris
663 1971 968 2029 violatores
1023 1970 1301 2030 haberet?
1384 1972 1512 2031 illos
1566 1972 1769 2031 saltem
1824 1988 1932 2029 avo
1995 1981 2052 2028 et
2106 1969 2186 2027 rei

113 2088 148 2132 3
173 2069 449 2144 publicae
491 2068 767 2128 redderet.
850 2069 949 2127 diu
983 2079 1284 2129 cunctatus
1324 2081 1728 2146 aspernantem
1761 2087 2021 2140 uxorem,
2052 2087 2186 2127 cum

176 2183 242 2226 se
296 2167 433 2226 divo
478 2168 746 2243 Augusto
796 2179 983 2227 ortam
1032 2187 1219 2245 neque
1266 2170 1616 2244 degenerem
1665 2169 1739 2227 ad
1780 2168 2032 2244 pericula
2074 2177 2186 2225 tes-

177 2273 413 2337 taretur,
462 2276 761 2341 postremo
808 2276 1033 2324 uterum
1082 2267 1202 2325 eius
1251 2276 1309 2324 et
1357 2284 1730 2325 communem
1774 2265 1953 2322 filium
2001 2264 2185 2323 multo
2207 2284 2270 2322 πο

116 2385 157 2432 4
182 2382 323 2421 cum
371 2363 512 2421 fletu
555 2363 909 2439 complexus,
954 2374 1016 2422 ut
1064 2365 1244 2423 abiret
1288 2365 1550 2441 perpulit.
1633 2363 1937 2423 incedebat
1984 2362 2189 2421 mulie-

180 2463 285 2519 bre
328 2472 386 2521 et
427 2461 744 2521 miserabile
778 2480 1002 2539 agmen,
1038 2462 1286 2539 profuga
1329 2463 1490 2521 ducis
1525 2481 1689 2532 uxor,
1723 2461 2021 2538 parvulum
2057 2460 2186 2519 sinu

179 2559 362 2617 filium
407 2578 631 2636 gerens,
665 2559 1043 2619 lamentantes
1084 2562 1300 2619 circum
1341 2561 1660 2620 amicorum
1702 2560 1996 2635 coniugeS,
2037 2576 2186 2635 quae

180 2658 355 2716 simul
397 2656 781 2730 trahebantur,
824 2677 932 2717 nec
975 2659 1163 2718 minus
1205 2659 1390 2718 tristes
1434 2660 1531 2734 qui
1573 2659 1902 2717 manebant.

264 2761 362 2814 41.
407 2754 548 2814 Non
590 2756 842 2814 florentis
882 2757 1145 2817 Caesaris
1184 2775 1373 2833 neque
1407 2757 1521 2815 suis
1557 2757 1617 2815 in
1660 2758 1876 2827 castris,
1908 2765 1996 2815 set
2035 2756 2188 2814 velut
2210 2777 2266 2827 25

179 2855 243 2911 in
286 2854 427 2913 urbe
468 2856 618 2914 victa
658 2854 864 2928 facies;
909 2857 1267 2932 gemitusque
1311 2875 1379 2915 ac
1420 2856 1686 2932 planctus
1726 2855 1900 2914 etiam
1942 2855 2187 2913 militum

123 2968 157 3014 2
182 2971 354 3011 aures
410 2971 626 3028 oraque
679 2954 1008 3014 advertere:
1063 2955 1508 3032 progrediuntur
1570 2954 1975 3014 contuberniis.
2062 2955 2189 3029 quis

182 3052 276 3110 ille
310 3051 516 3110 flebilis
551 3053 772 3109 sonus?
851 3052 1011 3127 quod
1055 3064 1171 3111 tam
1205 3053 1403 3110 triste?
1477 3051 1720 3112 feminas
1754 3053 2036 3122 inlustres,
2067 3070 2190 3110 non

184 3151 582 3210 centurionem
651 3151 726 3209 ad
782 3152 1034 3222 tutelam,
1091 3168 1214 3208 non
1270 3151 1524 3222 militem,
1582 3152 1718 3210 nihil
1790 3151 2189 3228 imperatoriae

182 3249 384 3307 uxoris
433 3259 531 3308 aut
579 3250 885 3309 comitatus
933 3249 1115 3308 soliti:
1165 3267 1403 3326 pergere
1454 3249 1528 3307 ad
1583 3249 1869 3309 Treveros
1923 3245 2030 3330 [et]
2087 3267 2189 3307 ex·
2210 3272 2275 3321 30

124 3364 159 3408 3
182 3356 381 3406 ternae
429 3346 579 3407 fidei.
661 3347 850 3424 pudor
896 3347 1032 3405 inde
1078 3356 1135 3406 et
1187 3348 1474 3407 miseratio
1532 3357 1589 3406 et
1641 3349 1818 3424 patris
1874 3347 2186 3423 Agrippae,

187 3446 436 3522 Augusti
477 3446 565 3504 avi
608 3446 906 3517 memoria,
941 3464 1107 3504 socer
1146 3444 1387 3518 DrusuS,
1415 3447 1542 3522 ipsa
1574 3446 1787 3521 insigni
1828 3445 2187 3516 fecunditate,

191 3541 489 3623 praeclara
529 3545 838 3621 pudicitia3
882 3545 998 3603 iam
1041 3544 1233 3604 infans
1275 3545 1337 3603 in
1380 3545 1580 3604 castris
1622 3546 1849 3621 genitus
1888 3545 1949 3602 in
1991 3555 2191 3605 contu-

1179 3661 1216 3703 r
