2594 3925
139 249 275 290 Λα).
306 226 415 312 ι4.]
764 236 999 287 LIBER
1035 238 1086 288 I.
1147 237 1304 289 CAP.
1352 247 1566 304 10-13.
2099 240 2170 302 51

79 408 113 458 ’1
139 407 300 457 tates
354 416 425 456 ac
473 395 821 473 largitiones.
908 413 1057 472 quae
1114 404 1324 454 cuncta
1372 412 1477 453 sua
1531 412 1713 454 manu
1767 393 2177 471 perscripserat

143 498 464 573 Augustus
512 494 930 571 addideratque
978 493 1286 553 consilium
1339 493 1650 552 coercendi
1702 493 1852 552 intra
1899 493 2175 553 terminos

141 595 400 671 imperii,
434 594 720 652 incertum
757 602 918 651 metu
958 611 1035 651 an
1077 610 1180 667 per
1222 590 1513 651 invidiam.

233 701 330 753 12.
379 693 542 752 Inter
587 710 736 769 quae
782 701 988 750 senatu
1034 691 1109 749 ad
1158 690 1390 764 infimas
1437 685 1855 751 obtestationes
1903 706 2174 767 procum-

144 793 349 861 bente,
383 791 522 850 dixit
564 789 713 849 forte
753 789 1020 849 Tiberius
1059 807 1122 847 se
1155 798 1220 846 ut
1247 807 1371 848 non
1404 789 1509 848 toti
1546 789 1628 847 rei
1666 789 1929 864 publicae
1957 807 2175 864 parem,
2199 813 2223 861 5

147 894 234 950 ita
275 908 682 966 quaecumque
731 907 866 966 pars
915 888 1023 946 sibi
1069 887 1453 959 mandaretur,
1497 888 1619 946 eius
1661 888 1899 946 tutelam
1942 906 2174 964 suscep-

82 999 119 1043 2
147 999 370 1048 turum.
476 998 600 1046 tum
662 987 898 1045 Asinius
962 985 1167 1045 Gallus
1228 991 1242 1018 ‘
1260 986 1581 1063 interrogo'
1639 987 1837 1062 inquit,
1905 991 1919 1017 ‘
1939 985 2172 1059 Caesar,

86 1093 123 1137 3
149 1069 338 1164 quam
391 1097 614 1163 partem
667 1086 750 1143 rei
804 1085 1069 1161 publicae
1124 1084 1387 1143 mandari
1441 1086 1543 1143 tibi
1607 1085 1783 1143 velis!
1876 1085 2173 1161 perculsus

149 1186 448 1262 inprovisa
475 1185 924 1260 interrogatione
952 1183 1190 1260 paulum
1226 1184 1479 1242 reticuit:
1525 1183 1657 1242 dein
1685 1183 1930 1243 collecto
1975 1184 2170 1242 animo

151 1283 461 1360 respondit
518 1301 889 1359 nequaquam
946 1282 1222 1342 decorum
1282 1281 1493 1357 pudori
1550 1300 1656 1341 suo
1710 1283 1899 1359 legere
1958 1283 2169 1359 aliquid
2197 1307 2253 1340 10

88 1389 129 1432 4
152 1392 254 1440 aut
303 1382 527 1439 evitare.
561 1400 635 1440 ex
684 1399 772 1453 eo,
816 1381 909 1439 cui
955 1381 1018 1438 in
1065 1381 1396 1439 universum
1444 1381 1706 1440 excusari
1754 1381 1963 1440 mallet.
2048 1401 2171 1440 rur-

153 1498 290 1538 sum
347 1478 557 1538 Gallus
596 1476 833 1558 (etenim
889 1478 1046 1536 vultu
1100 1478 1489 1537 offensionem
1544 1479 1986 1558 coniectaverat)
2049 1500 2169 1542 non

152 1578 378 1636 idcirco
406 1578 816 1653 interrogatum
844 1577 938 1647 ait,
966 1585 1029 1634 ut
1057 1576 1335 1635 divideret
1376 1594 1528 1653 quae
1566 1580 1818 1654 separari
1851 1581 2166 1656 nequirent,

155 1678 264 1736 sed
308 1686 370 1735 ut
419 1693 523 1734 sua
566 1675 928 1736 confessione
977 1685 1323 1750 argueretur,
1366 1693 1549 1734 unum
1596 1695 1722 1736 esse
1770 1678 1851 1736 rei
1905 1678 2168 1754 publicae

95 1785 130 1831 5
155 1792 372 1852 corpus
426 1784 598 1851 atque
652 1774 820 1832 unius
870 1774 1065 1833 animo
1111 1773 1449 1850 regendum.
1533 1775 1753 1834 addidit
1808 1775 2040 1835 laudem
2094 1776 2166 1835 de
2189 1800 2243 1847 15

154 1875 426 1950 Augusto
464 1873 873 1948 Tiberiumque
912 1873 1103 1950 ipsum
1135 1872 1501 1933 victoriarum
1535 1892 1765 1933 suarum
1803 1893 2063 1951 quaeque
2105 1874 2166 1932 in

93 1981 131 2027 6
155 1982 298 2049 toga
328 1992 433 2049 per
461 1981 546 2031 tot
582 1990 768 2033 annos
802 1973 1031 2049 egregie
1065 1972 1295 2032 fecisset
1323 1973 1635 2034 admonuit.
1721 1992 1830 2034 nec
1864 1974 1995 2035 ideo
2023 1975 2166 2032 iram
2253 2021 2264 2028 .

157 2072 280 2131 eius
321 2072 530 2142 lenivit,
564 2071 790 2147 pridem
830 2072 1060 2143 invisus,
1098 2082 1396 2148 tamquam
1438 2073 1612 2132 ducta
1629 2113 1631 2115 ψ
1648 2073 1709 2130 in
1739 2073 2167 2134 matrimonium

158 2171 444 2248 Vipsania
497 2168 584 2229 M.
641 2169 951 2247 Agrippa&
990 2170 1121 2243 filia,
1177 2190 1328 2248 quae
1387 2172 1686 2247 quondam
1744 2171 1959 2230 Tiberii
2018 2191 2166 2231 uxor

156 2270 356 2341 fuerat,
406 2270 534 2346 plus
583 2288 760 2346 quam
808 2270 990 2328 civilia
1033 2270 1272 2346 agitaret
1322 2270 1705 2347 Pollionisque
1754 2269 1936 2328 Asinii
1985 2270 2164 2348 patris
2188 2293 2249 2329 20

158 2368 439 2429 ferociam
484 2369 766 2427 retineret.

239 2475 335 2527 13.
385 2467 525 2527 Post
571 2484 720 2542 quae
768 2465 838 2526 L.
888 2466 1192 2526 Arruntius
1238 2466 1396 2526 haud
1445 2467 1691 2525 multum
1747 2467 2079 2543 discrepans
2132 2486 2171 2528 a

161 2566 313 2627 Galli
355 2566 612 2626 oratione
652 2564 889 2641 perinde
930 2565 1186 2637 offendit,
1216 2584 1569 2643 quamquam
1598 2565 1834 2625 Tiberio
1875 2566 2031 2625 nulla
2069 2584 2168 2625 ve-

159 2674 251 2723 tus
287 2665 350 2723 in
383 2663 719 2722 Arruntium
761 2663 880 2721 ira:
924 2663 1028 2722 sed
1070 2664 1314 2734 divitem,
1357 2672 1710 2740 promptum,
1753 2664 1969 2722 artibus
2008 2682 2168 2740 egre-

101 2775 135 2820 2
161 2764 264 2840 giis
318 2772 378 2821 et
437 2762 561 2839 pari
615 2761 771 2820 fama
823 2761 1066 2838 publice,
1123 2763 1503 2838 suspectabat.
1597 2763 1809 2839 quippe
1870 2762 2166 2839 Augustus
2189 2787 2245 2835 25

162 2861 441 2938 supremis
496 2859 858 2918 sermonibus
912 2878 1050 2918 cum
1103 2868 1388 2931 tractaret,
1431 2860 1672 2936 quinam
1721 2861 1958 2937 adipisci
2011 2862 2165 2937 prin-

161 2960 350 3035 cipem
403 2958 599 3018 locum
653 2957 941 3015 suffecturi
996 2960 1316 3017 abnuerent
1370 2967 1469 3018 aut
1524 2960 1753 3036 inpares
1817 2960 2025 3018 vellent
2077 2960 2166 3018 vel

160 3056 317 3116 idem
371 3064 610 3131 possent
664 3064 1066 3133 cuperentque,
1118 3056 1222 3117 Μ’.
1268 3055 1557 3133 Lepidum
1612 3058 1830 3116 dixerat
1885 3076 2165 3134 capacem

163 3154 262 3214 sed
308 3163 731 3230 aspernantem,
778 3154 1010 3214 Gallum
1051 3155 1316 3213 Asinium
1365 3155 1594 3213 avidum
1641 3165 1698 3214 et
1751 3156 2050 3228 minorem,
2094 3156 2161 3216 L.

106 3261 137 3306 3
162 3252 492 3310 Arruntium
532 3269 655 3311 non
687 3253 990 3329 indignum
1028 3261 1102 3325 et,
1139 3253 1186 3311 si
1227 3271 1397 3312 casus
1441 3254 1680 3325 daretur,
1714 3272 2003 3314 ausurum.
2088 3255 2160 3313 de
2181 3280 2245 3326 30

162 3352 441 3429 prioribus
473 3352 839 3423 consentitur,
878 3370 985 3427 pro
1018 3352 1291 3413 Arruntio
1334 3352 1568 3429 quidam
1606 3352 1713 3413 Cn.
1746 3353 2018 3413 Pisonem
2050 3364 2161 3413 tra-

162 3449 384 3521 didere3
436 3467 753 3525 omnesque
807 3459 1028 3526 praeter
1084 3450 1372 3527 Lepidum
1426 3452 1593 3511 variis
1643 3470 1781 3512 mox
1830 3452 2159 3511 criminibus

106 3556 142 3601 4
164 3557 407 3608 struente
465 3548 726 3610 Tiberio·
748 3548 1117 3610 circumventi
1177 3559 1329 3609 sunt.
1411 3552 1585 3609 etiam
1640 3550 1717 3623 Q.
1772 3549 2044 3611 Haterius
2103 3561 2160 3611 et

1129 3667 1166 3707 E
1211 3668 1242 3707 ο
