2594 3925
429 232 535 285 126
869 237 1232 285 CORNELII
1273 236 1535 284 TACITI
1570 236 1992 285 ANNALIUM
2065 223 2274 306 [A.U.C.
2316 250 2433 299 772.

426 393 588 451 Suria
644 394 875 467 egressi,
919 392 1158 451 laetiora
1209 394 1282 451 de
1339 393 1659 450 valetudine
1718 393 1839 451 eius
1896 393 2147 451 attulere.
2234 393 2432 452 statim
2458 406 2488 452 ⁷

424 491 656 562 credita,
702 491 894 549 statim
928 491 1158 565 vulgata
1194 501 1360 549 sunt:
1406 500 1468 547 ut
1509 491 1753 567 quisque
1789 491 2007 563 obvius,
2055 492 2322 568 quamvis
2352 492 2430 549 le-

422 590 562 648 viter
591 589 782 648 audita
809 591 868 647 in
898 589 1041 648 alios
1069 598 1240 665 atque
1269 589 1346 646 illi
1375 590 1435 646 in
1463 590 1658 666 plures
1686 576 1981 683 cumulata}
1995 590 2210 664 gaudio
2241 599 2431 648 trans-

423 688 627 747 ferunt.
699 699 930 747 cursant
956 707 1060 764 per
1088 689 1307 759 urbem,
1333 687 1641 745 moliuntur
1663 687 2008 764 templorum
2033 687 2220 759 fores;
2269 688 2428 745 iuvat
2456 700 2489 743 8

373 809 398 858 5
424 787 817 846 credulitatem
845 805 965 844 nox
993 787 1053 843 et'
1076 785 1403 861 promptior
1431 786 1578 843 inter
1608 788 1874 844 tenebras
1903 786 2245 845 adfirmatio.
2320 804 2430 844 nec

424 885 640 944 obstitit
676 884 832 943 falsis
863 884 1151 953 TiberiuS,
1183 883 1373 942 donec
1403 893 1663 960 tempore
1694 903 1762 942 ac
1793 885 1979 960 spatio
2008 895 2426 943 vanescerent:

425 993 483 1043 et
509 983 757 1060 populus
786 983 951 1058 quasi
979 999 1207 1039 rursum
1235 991 1498 1059 ereptum
1527 983 1714 1040 acrius
1744 982 1940 1041 doluit.

506 1087 606 1140 83.
649 1081 940 1150 Honore3‚
982 1090 1044 1137 ut
1079 1080 1207 1156 quis
1254 1098 1453 1138 amore
1490 1081 1549 1137 in
1586 1079 2002 1139 Germanicum
2048 1091 2147 1138 aut
2191 1081 2430 1157 ingenio

422 1180 658 1250 validus,
715 1179 923 1254 reperti
972 1179 1333 1254 decretique:
1387 1189 1450 1237 ut
1499 1197 1715 1238 nomen
1762 1180 1885 1238 eius
1929 1178 2128 1237 Saliari
2172 1179 2428 1236 carmine
2455 1186 2486 1230 a

320 1301 407 1354 ,ιο
426 1287 758 1348 caneretur3
803 1276 968 1335 sedes
998 1277 1221 1335 curules
1239 1276 1602 1335 sacerdotum
1621 1277 2025 1353 Augustalium
2053 1276 2195 1336 locis
2224 1295 2427 1353 super-

424 1395 538 1453 que
597 1393 695 1433 eas
758 1392 1040 1450 querceae
1092 1392 1345 1433 coronae
1414 1383 1832 1448 statuerentur3
1905 1374 2074 1434 ludos
2140 1374 2428 1451 circenses

424 1476 642 1532 eburna
671 1473 884 1549 effigies
917 1474 1177 1547 praeiret,
1208 1491 1353 1531 neve
1392 1474 1521 1550 quis
1550 1473 1763 1533 flamen
1793 1484 1891 1532 aut
1930 1491 2115 1550 augur
2141 1473 2203 1530 in
2230 1473 2426 1533 locum

427 1571 762 1632 Germanici
793 1572 901 1628 nisi
931 1572 1119 1646 gentis
1153 1571 1330 1629 Iuliae
1369 1581 1670 1630 crearetur.
1756 1591 1926 1630 arcus
1968 1571 2144 1631 additi
2199 1571 2427 1630 Romae
2451 1582 2481 1627 3

426 1682 483 1730 et
520 1671 677 1746 apud
717 1670 902 1745 ripam
945 1669 1139 1727 Rheni
1182 1679 1238 1727 et
1280 1670 1340 1726 in
1383 1680 1581 1729 monte
1625 1669 1822 1728 Suriae
1866 1671 2115 1741 Aman0,
2162 1689 2303 1728 cum
2344 1671 2428 1727 in-

351 1793 406 1841 15
429 1770 735 1847 scriptione
764 1786 953 1826 rerum
975 1777 1269 1844 gestarum
1286 1787 1356 1827 ac
1374 1777 1623 1826 mortem
1645 1769 1725 1825 ob
1747 1786 1869 1827 rem
1897 1767 2189 1843 publicam
2220 1769 2428 1838 obisse,

425 1868 792 1944 sepulchrum
840 1866 1198 1938 Antiochiae,
1243 1867 1344 1924 ubi
1387 1875 1690 1938 crematus,
1734 1866 1980 1924 tribunal
2021 1865 2428 1942 Epidaphnae,

425 1986 541 2043 quo
582 1967 642 2023 in
691 1967 822 2025 loco
863 1966 1037 2031 vitam
1087 1965 1324 2024 finierat.
1411 1975 1725 2023 statuarum
1782 1966 2133 2036 locorumve,
2183 1966 2245 2022 in
2302 1965 2428 2041 quis

426 2065 720 2135 coleretur,
754 2064 908 2122 haud
942 2063 1109 2121 facile
1139 2064 1266 2138 quis
1304 2081 1612 2122 numerum
1648 2064 1846 2122 inierit.
1931 2081 2064 2122 cum
2095 2071 2427 2122 censeretur
2449 2072 2484 2117 4

426 2163 641 2238 clipeus
677 2181 815 2221 auro
851 2172 907 2220 et
950 2161 1349 2237 magnitudine
1383 2161 1621 2237 insignis
1659 2162 1803 2220 inter
1845 2170 2108 2220 auctores
2151 2161 2427 2238 eloquen-

349 2285 409 2318 20
426 2262 554 2332 tiae,
612 2261 963 2319 adseveravit
1020 2259 1284 2317 Tiberius
1348 2258 1579 2318 solitum
1635 2278 1948 2335 paremque
2006 2259 2210 2317 ceteris
2269 2259 2428 2317 dica-

426 2372 650 2419 turum:
712 2377 898 2434 neque
949 2358 1104 2415 enim
1155 2357 1546 2434 eloquentiam
1602 2356 1832 2416 fortuna
1873 2357 2137 2428 discerni,
2187 2366 2247 2414 et
2293 2357 2429 2415 satis

427 2457 677 2528 inlustre,
715 2458 762 2514 si
798 2465 1014 2515 veteres
1052 2455 1198 2513 inter
1240 2456 1543 2532 scriptores
1586 2453 1904 2514 haberetur.
1988 2462 2254 2530 e‘quester
2282 2455 2431 2514 ordo
2452 2468 2482 2512 5

424 2573 676 2614 cuneum
728 2553 1065 2613 Germanici
1115 2553 1424 2630 appellavit
1473 2553 1574 2630 qui
1621 2554 1910 2612 iuniorum
1966 2552 2281 2624 dicebatur,
2340 2553 2429 2609 in-

424 2654 712 2729 stituitque
742 2654 824 2710 uti
853 2663 1072 2711 turmae
1110 2652 1301 2711 idibus
1341 2652 1498 2710 Iuliis
1533 2652 1846 2727 imaginem
1879 2650 2003 2709 eius
2032 2661 2427 2726 sequerentur.

348 2776 404 2825 ²5
425 2752 696 2828 pleraque
731 2760 1000 2810 manent:
1044 2750 1335 2827 quaedam
1377 2750 1569 2809 statim
1604 2750 1821 2808 omissa
1865 2758 1996 2808 sunt
2042 2758 2141 2806 aut
2175 2759 2429 2807 vetustas

423 2850 754 2909 obliteravit.

508 2954 613 3007 84.
658 2947 929 3007 Ceterum
986 2948 1199 3005 recenti
1265 2946 1456 3005 adhuc
1514 2946 1796 3004 maestitia
1860 2963 2023 3004 soror
2089 2943 2428 3004 Germanici

423 3046 602 3116 Livia,
632 3054 813 3121 nupta
845 3045 1055 3116 Druso,
1087 3046 1232 3104 duos
1262 3045 1436 3102 virilis
1466 3062 1638 3102 sexus
1669 3044 1837 3101 simul
1867 3044 2036 3102 enixa
2078 3054 2182 3102 est.
2269 3045 2426 3119 quod
2450 3052 2478 3096 2

423 3163 615 3202 rarum
679 3144 1009 3220 laetumque
1065 3145 1237 3202 etiam
1300 3143 1546 3202 modicis
1611 3143 1915 3217 penatibus
1980 3150 2140 3199 tanto
2209 3143 2425 3217 gaudio

346 3266 408 3313 30
423 3243 748 3319 principem
799 3241 1024 3310 adfecit,
1076 3251 1138 3299 ut
1186 3259 1308 3300 non
1358 3240 1753 3316 temperaverit
1799 3240 1937 3315 quin
1990 3239 2226 3297 iactaret
2271 3239 2426 3315 apud

422 3351 628 3417 patreS‚
659 3339 796 3397 nulli
833 3348 966 3397 ante
1007 3338 1408 3397 Romanorum
1445 3337 1703 3396 eiusdem
1737 3336 1944 3414 fastigii
1972 3337 2092 3395 viro
2130 3337 2424 3412 geminam

423 3440 660 3514 stirpem
717 3437 963 3507 editam3
1040 3455 1175 3494 nam
1239 3445 1465 3507 cuncta,
1515 3437 1688 3494 etiam
1743 3434 1989 3504 fortuita,
2048 3435 2122 3492 ad
2177 3434 2421 3510 gloriam

422 3535 689 3593 vertebat.
787 3533 891 3592 sed
938 3533 1157 3610 populo
1203 3534 1300 3591 tali
1349 3534 1409 3590 in
1460 3544 1723 3608 tempore
1772 3532 1830 3590 id
1873 3549 2107 3607 quoque
2156 3531 2422 3590 dolorem
2444 3544 2473 3590 8
