2594 3925
348 263 458 319 170
788 252 1149 301 CORNELII
1194 249 1454 298 TACJTJ
1488 248 1910 298 ANNALJUM
1986 233 2198 319 [A.u.c.
2227 242 2336 309 776.

340 411 615 489 quoniam
656 409 893 468 Tiberio
934 408 1136 466 mutati
1178 406 1238 465 in
1280 405 1534 465 deterius
1577 406 1928 483 principatus
1976 403 2198 463 initium
2247 400 2346 461 ille

344 527 528 567 annus
577 509 772 567 attulit.
858 507 973 565 iam
1022 506 1274 582 primum
1321 505 1553 581 publica
1601 506 1838 580 negotia
1884 513 1942 563 et
1987 504 2342 580 privatorum
2366 509 2404 555 2

342 608 597 666 maxima
653 606 806 683 apud
868 614 1061 682 patres
1124 605 1530 674 tractabantur,
1589 603 1943 679 dabaturque
1994 600 2344 679 primoribus

345 705 636 775 disserere,
676 714 734 763 et
774 704 836 762 in
878 703 1267 762 adulationem
1305 701 1500 778 lapsos
1542 700 1853 760 cohibebat
1893 702 2057 778 ipse3
2098 696 2346 757 manda-

293 825 320 875 5
342 805 555 880 batque
594 802 863 872 honoreS,
899 800 1257 860 nobilitatem
1300 800 1606 872 maiorum,
1648 799 2046 862 claritudinem
2087 797 2344 868 militiae,

344 901 609 959 inlustres
650 900 810 958 domi
854 908 1001 957 artes
1044 898 1382 974 spectando,
1418 908 1483 957 ut
1524 899 1663 957 satis
1705 907 1994 958 constaret
2034 915 2159 956 non
2201 895 2351 955 alios

345 999 601 1075 potiores
629 997 817 1057 fuisse.
901 1014 1004 1054 sua
1033 996 1383 1067 consulibuS‚
1413 1015 1516 1055 sua
1542 997 1901 1073 praetoribus
1931 994 2195 1072 species:
2236 993 2349 1051 mi·
2376 1000 2413 1046 3

346 1093 559 1155 norum
595 1113 826 1173 quoque
867 1094 1307 1170 magistratuum
1350 1096 1600 1153 exercita
1639 1104 1930 1171 potestas:
1973 1094 2269 1170 legesque,
2300 1090 2353 1150 si

347 1194 658 1252 maiestatis
684 1192 949 1269 quaestio
976 1193 1336 1263 eximeretur,
1366 1193 1527 1251 bono
1564 1193 1626 1250 in
1659 1210 1783 1251 usu.
1868 1202 1926 1251 at
1968 1191 2257 1249 frumenta
2294 1197 2352 1247 et
2378 1197 2416 1243 4

276 1318 334 1352 10
351 1292 630 1370 pecuniae
660 1289 986 1366 vectigaleS,
1023 1300 1214 1349 cetera
1253 1290 1614 1367 publicorum
1656 1290 1942 1350 fructuum
1978 1286 2352 1348 societatibus

351 1392 606 1468 equitum
651 1389 1049 1448 Romanorum
1071 1389 1465 1471 agitabantur.
1550 1406 1641 1447 res
1686 1407 1818 1447 suas
1859 1388 2079 1448 Caesar
2122 1394 2352 1463 specta·
2378 1394 2417 1442 5

351 1490 574 1547 tissimo
623 1487 845 1564 cuique,
893 1487 1237 1564 quibusdam
1283 1487 1499 1562 ignotis
1547 1506 1621 1546 ex
1679 1487 1834 1546 fama
1881 1484 2217 1556 mandabat,
2262 1502 2355 1542 se-

352 1586 580 1662 melque
608 1584 912 1661 adsumpti·
925 1586 1265 1643 tenebantur
1291 1603 1526 1661 prorsus
1555 1586 1681 1645 sine
1708 1586 1907 1656 mod0‚
1932 1602 2065 1644 cum
2093 1582 2356 1660 plerique

353 1684 538 1743 isdem
587 1683 834 1759 negotiis
882 1683 1330 1743 insenescerent.
1416 1684 1616 1761 plebes
1664 1684 1782 1743 acri
1829 1682 2066 1761 quidem
2113 1699 2357 1740 annona
2379 1689 2422 1735 Θ

282 1808 295 1839 ι
307 1807 333 1855 5
353 1781 710 1858 fatigabatur,
739 1779 841 1839 sed
874 1781 1028 1840 nulla
1053 1782 1117 1839 in
1154 1800 1226 1841 eo
1256 1782 1427 1859 culpa
1460 1787 1533 1841 ex
1566 1782 1862 1859 principe:
1903 1781 2045 1858 quin
2085 1779 2356 1838 infecun-

356 1879 517 1938 ditati
552 1888 829 1938 terrarum
872 1889 968 1938 aut
1015 1880 1233 1957 asperis
1284 1880 1460 1938 maris
1505 1881 1737 1939 obviam
1784 1880 1864 1952 iit,
1916 1887 2198 1955 quantum
2245 1877 2359 1934 im-

354 1979 566 2056 pendio
593 1978 1003 2055 diligentiaque
1033 1981 1275 2056 poterat.
1347 1989 1405 2038 et
1432 1998 1508 2038 ne
1535 1979 1867 2057 provinciae
1895 1978 2061 2038 novis
2080 1975 2358 2035 oneribus
2383 1985 2422 2036 ’1

356 2078 712 2136 turbarentur
753 2066 929 2154 utque
976 2086 1166 2137 vetera
1209 2078 1334 2137 sine
1376 2077 1608 2136 avaritia
1642 2086 1738 2136 aut
1775 2075 2105 2136 crudelitate
2137 2074 2360 2150 magis-.-

356 2184 603 2233 tratuum
650 2176 977 2247 tolerarent,
1020 2176 1392 2252 providebat:
1448 2194 1758 2252 corporum
1812 2176 2065 2246 verbera,
2115 2171 2361 2250 ademp-

282 2297 342 2331 20
358 2273 544 2331 tiones
591 2273 880 2332 bonorum
930 2274 1186 2332 aberant.
1283 2274 1395 2333 rari
1448 2293 1553 2350 per
1610 2274 1836 2332 Italiam
1890 2272 2158 2332 Caesaris
2214 2271 2362 2348 agri,

358 2371 622 2429 modesta
660 2372 901 2443 servitia,
932 2373 1079 2431 intra
1116 2391 1337 2449 paucos
1373 2371 1610 2431 libertos
1650 2373 1893 2444 domus;
1934 2389 2005 2431 ac
2043 2371 2093 2430 si
2120 2369 2365 2446 quando

361 2487 493 2527 cum
520 2469 752 2545 privatis
779 2470 1139 2547 disceptaret,
1167 2470 1358 2529 forum
1386 2479 1442 2529 et
1470 2471 1574 2528 ius,

442 2574 499 2629 ’1.
542 2566 710 2639 Quae
759 2579 968 2628 cuncta
1016 2587 1139 2627 non
1186 2568 1427 2644 quidem
1472 2568 1627 2628 comi
1675 2567 1783 2640 via,
1827 2568 1931 2628 sed
1976 2566 2245 2627 horridus
2289 2584 2367 2627 ac

364 2665 697 2742 plerumque
738 2666 1090 2738 formidatus,
1132 2667 1417 2725 retinebat
1462 2676 1677 2738 tamen,
1723 2667 1913 2726 donec
1959 2675 2147 2724 morte
2188 2665 2370 2724 Drusi

287 2788 310 2821 2
317 2787 344 2836 5
364 2773 744 2822 verterentur:
788 2784 925 2824 nam
967 2766 1108 2824 dum
1149 2764 1441 2842 superfuit,
1484 2783 1766 2834 mansere,
1809 2765 1945 2840 quia
1990 2764 2233 2824 Seianus
2276 2765 2366 2822 in·
2390 2777 2426 2823 2

365 2862 614 2937 cipiente
643 2861 831 2922 adhuc
872 2863 1133 2940 potentia
1175 2863 1346 2921 bonis
1389 2863 1644 2921 consiliis
1685 2871 1985 2922 notescere
2026 2862 2274 2935 volebat,
2308 2873 2400 2933 et,

364 2960 511 3018 ultor
554 2960 909 3018 metuebatur
958 2979 1080 3019 non
1124 2960 1385 3019 occultus
1435 2961 1571 3033 odii,
1615 2971 1703 3021 set
1743 2962 1947 3020 crebro
1988 2979 2237 3036 querens
2279 2962 2370 3020 in-

368 3050 579 3116 columi
608 3056 726 3116 filio
756 3058 1073 3118 adiutorem
1101 3059 1328 3135 imperii
1364 3059 1540 3117 alium
1581 3060 1790 3118 vocari.
1879 3068 1936 3118 et
1964 3071 2240 3136 quantum
2272 3078 2371 3119 su-

366 3174 596 3232 peresse
623 3164 686 3214 ut
714 3156 938 3233 collega
973 3157 1235 3215 dicatur?
1277 3157 1495 3234 primas
1525 3155 1871 3217 dominandi
1899 3175 2033 3234 spes
2061 3158 2123 3216 in
2153 3157 2368 3219 arduo:

292 3277 352 3326 30
369 3254 469 3312 ubi
506 3254 583 3313 sis
617 3255 927 3331 ingressuS,
970 3256 1175 3315 adesse
1213 3256 1403 3315 studia
1439 3265 1497 3314 et
1536 3256 1845 3315 ministros.
1930 3265 2217 3314 exstructa
2252 3257 2370 3314 iam
2397 3267 2429 3312 8

368 3362 574 3430 sponte
615 3353 886 3429 praefecti
928 3364 1128 3426 castra,
1173 3353 1339 3413 datos
1380 3354 1441 3412 in
1484 3373 1725 3413 manum
1762 3354 2004 3426 milites;
2048 3353 2206 3412 cerni
2248 3354 2371 3411 effi-

370 3451 526 3528 giem
565 3452 687 3510 eius
729 3453 792 3510 in
831 3452 1207 3511 monimentis
1248 3451 1359 3512 Cn.
1400 3453 1681 3529 Pompei;
1726 3469 2066 3512 communes
2116 3450 2193 3508 illi
2234 3468 2372 3509 cum

374 3549 586 3608 familia
625 3549 948 3610 Drusorum
989 3550 1112 3609 fore
1154 3561 1435 3627 nepotes:
1478 3549 1832 3637 precandam
1872 3557 2007 3627 post
2046 3548 2191 3607 haec
2241 3565 2374 3606 mo·
