2594 3925
407 231 481 293 52
813 224 1179 276 CORNELII
1219 224 1311 275 TA
1320 223 1482 274 ειη
1513 222 1940 273 ANNALJUM
2053 210 2134 295 [a
2143 233 2201 275 u.
2211 232 2261 275 c.
2297 223 2414 288 767·

408 376 738 444 Mamercus
779 382 1027 442 Scaurus
1070 383 1433 458 suspicacem
1474 381 1734 440 animum
1784 382 2179 457 perstrinxere,
2224 378 2413 438 Hate-

405 483 520 541 rius
573 500 711 541 cum
764 481 995 539 dixisset
1052 485 1066 511 ‘
1087 496 1387 556 quousque
1441 479 1686 556 patieriS,
1744 478 1977 550 Caesar,
2028 498 2148 538 non
2204 478 2413 537 adesse

406 589 581 656 caput
612 580 692 638 rei
731 579 1031 655 publicae?
1049 578 1083 651 ²,
1128 578 1378 637 Scaurus
1410 578 1543 654 quia
1583 577 1819 649 dixerat,
1856 595 2022 653 spem
2061 594 2187 636 esse
2229 595 2304 635 ex
2337 595 2414 636 eo

405 696 528 737 non
562 678 755 736 inritas
788 677 907 735 fore
943 686 1177 736 senatus
1207 694 1427 752 preceS,
1462 676 1622 752 quod
1656 675 1919 736 relationi
1951 676 2255 736 consulum
2286 675 2410 733 iure

352 803 379 850 5
403 777 735 835 tribuniciae
776 776 1071 851 potestatis
1112 793 1234 834 non
1271 775 1696 833 intercessisset.
1781 774 1843 832 in
1878 774 2181 833 Haterium
2218 774 2413 832 statim
2438 786 2473 834 5

403 876 658 933 invectus
697 882 785 932 est
808 893 826 945 3
872 872 1172 942 Scaurum,
1212 873 1304 930 cui
1341 872 1735 949 inplacabilius
1776 873 2140 943 irascebatur,
2181 872 2411 932 silentio

402 974 652 1031 tramisit.
738 972 1036 1047 fessusque
1084 970 1336 1030 clamore
1380 972 1660 1042 omnium,
1706 970 2164 1047 expostulatione
2212 970 2408 1046 singu·
2436 984 2475 1031 6

400 1073 586 1131 lorum
613 1071 770 1130 flexit
796 1070 1087 1147 paulatim,
1115 1088 1237 1130 non
1269 1079 1334 1127 ut
1366 1069 1635 1128 fateretur
1671 1069 1885 1144 suscipi
1917 1087 1953 1126 a
1980 1087 2043 1127 se
2082 1052 2407 1145 imperium,

403 1170 505 1229 sed
550 1179 613 1227 ut
661 1187 873 1244 negare
914 1177 972 1226 et
1011 1168 1203 1243 rogari
1245 1168 1547 1227 desineret.
1631 1176 1859 1226 constat
1904 1167 2226 1236 Haterium,
2269 1184 2410 1225 cum
2436 1180 2472 1229 ’1

328 1294 385 1328 ιο
404 1266 753 1344 deprecandi
799 1285 974 1325 causa
1033 1265 1315 1324 Palatium
1363 1267 1648 1326 introisset
1691 1266 2151 1342 ambulantisque
2189 1265 2414 1323 Tiberii

403 1385 596 1442 genua
635 1364 1040 1434 advolveretur,
1081 1382 1264 1440 prope
1307 1382 1342 1422 a
1382 1364 1656 1423 militibus
1697 1363 2078 1434 interfectum,
2123 1363 2259 1440 quia
2300 1364 2407 1422 Ti-

401 1466 589 1523 berius
636 1481 774 1522 casu
830 1480 906 1520 an
961 1463 1226 1521 manibus
1279 1463 1403 1520 eius
1451 1462 1740 1538 inpeditus
1793 1463 2132 1538 prociderat.
2216 1480 2408 1538 neque

402 1573 596 1621 tamen
641 1561 892 1637 periculo
937 1560 1065 1618 talis
1112 1560 1214 1618 viri
1255 1560 1547 1636 mitigatus
1589 1568 1692 1630 est,
1735 1559 1926 1619 donec
1970 1559 2243 1618 Haterius
2285 1561 2408 1619 Au-

402 1669 631 1738 gustam
667 1666 853 1718 oraret
891 1659 1126 1733 eiusque
1165 1659 1531 1717 curatissimis
1568 1659 1834 1734 precibus
1872 1667 2282 1734 protegeretur.

328 1782 385 1830 ¹5
483 1765 579 1817 14.
623 1757 809 1815 Multa
840 1765 1067 1831 patrum
1094 1765 1151 1814 et
1178 1757 1238 1813 in
1266 1757 1592 1831 Augustam
1619 1756 1884 1815 adulatio.
1967 1757 2059 1815 alii
2092 1766 2408 1833 parentem,
2433 1774 2470 1820 2

404 1857 494 1914 alii
527 1864 770 1914 matrem
801 1855 1014 1931 patriae
1042 1853 1465 1930 appellandam,
1493 1854 1749 1931 plerique
1781 1864 1845 1912 ut
1886 1855 2107 1914 nomini
2145 1855 2411 1915 Caesaris

321 1984 331 1994 ·
406 1953 816 2015 adscriberetur
849 1957 863 1985 ‘
882 1951 1060 2011 Iuliae
1087 1951 1267 2011 filius'
1297 1952 1629 2012 censebant.
1700 1952 1792 2012 ille
1821 1952 2208 2014 moderandos
2245 1953 2409 2013 femi-
2434 1972 2469 2018 3

404 2071 608 2111 narum
653 2051 902 2112 honores
950 2051 1219 2109 dictitans
1266 2051 1588 2128 eademque
1633 2069 1696 2111 se
1744 2053 2124 2128 temperantia
2167 2070 2410 2111 usurum

404 2152 465 2209 in
505 2151 572 2208 iis
613 2168 760 2227 quae
803 2150 908 2208 sibi
944 2150 1338 2221 tribuerentur,
1382 2159 1637 2209 ceterum
1684 2150 1891 2208 anxius
1930 2151 2141 2209 invidia
2184 2159 2241 2209 et
2279 2169 2409 2208 mu-

329 2273 388 2308 20
405 2250 577 2307 liebre
618 2248 904 2323 fastigium
948 2248 1009 2305 in
1058 2248 1514 2307 deminutionem
1559 2249 1645 2306 sui
1687 2248 1981 2324 accipiens
2029 2267 2103 2307 ne
2147 2249 2410 2309 lictorem

406 2346 638 2424 quidem
693 2346 746 2403 ei
800 2345 1033 2404 decerni
1087 2363 1291 2421 passus
1342 2356 1430 2404 est
1486 2364 1758 2423 aramque
1804 2346 2131 2423 adoptionis
2184 2356 2242 2406 et
2298 2348 2410 2407 alia

403 2446 642 2503 huiusce
668 2443 827 2503 modi
854 2444 1157 2519 prohibuit.
1242 2453 1302 2503 at
1330 2442 1680 2503 Germanico
1719 2443 1956 2503 Caesari
1992 2447 2408 2521 proconsulare
2430 2458 2469 2505 4

402 2544 710 2618 imperium
741 2542 952 2618 petivit,
981 2542 1256 2619 missique
1283 2542 1457 2618 legati
1499 2542 1600 2617 qui
1642 2542 1942 2613 deferrent,
1972 2544 2142 2601 simul
2179 2545 2409 2602 maesti-

403 2641 543 2700 tiam
571 2642 692 2698 eius
724 2641 802 2699 ob
839 2658 1145 2699 excessum
1172 2641 1422 2716 Augusti
1462 2640 1796 2700 solarentur.
1880 2658 1998 2716 quo
2025 2641 2219 2699 minus
2253 2642 2409 2700 idem
2434 2655 2467 2701 5

328 2764 353 2799 2
359 2763 385 2813 5
406 2757 510 2815 pro
564 2737 760 2798 Druso
806 2738 1199 2814 postularetur,
1247 2756 1319 2797 ea
1374 2756 1550 2796 causa
1605 2739 1764 2815 quod
1820 2739 2152 2815 designatus
2205 2741 2411 2800 consul

406 2837 629 2895 Drusus
686 2853 1069 2913 praesensque
1131 2846 1269 2896 erat.
1354 2836 1692 2897 candidatos
1746 2846 2047 2913 praeturae
2101 2836 2411 2897 duodecim
2434 2853 2468 2898 6

407 2935 737 3005 nominavit,
779 2951 1084 2992 numerum
1127 2936 1203 2993 ab
1235 2935 1508 3011 Augusto
1550 2935 1860 3007 traditum;
1910 2944 1967 2994 et
2009 2936 2278 2994 hortante
2321 2953 2412 2996 se-

407 3045 546 3093 natu
573 3044 637 3092 ut
664 3040 917 3109 augeret,
944 3032 1067 3090 iure
1093 3032 1337 3091 iurando
1365 3033 1670 3092 obstrinxit
1699 3051 1760 3092 se
1791 3050 1912 3093 non
1940 3051 2329 3094 excessurum.

488 3139 581 3193 15.
626 3131 786 3190 Tum
834 3130 1084 3206 primum
1132 3148 1165 3188 e
1220 3148 1433 3207 campo
1486 3132 1717 3190 comitia
1766 3132 1842 3190 ad
1889 3140 2082 3208 patres
2136 3133 2415 3193 translata

332 3253 395 3303 30
413 3240 578 3288 sunt:
623 3247 763 3288 nam
812 3228 885 3286 ad
932 3245 1063 3285 eam
1110 3227 1279 3298 diem,
1328 3229 1434 3286 etsi
1489 3229 1783 3305 potissima
1838 3230 2069 3289 arbitrio
2122 3232 2414 3309 principiS,

412 3327 698 3404 quaedam
759 3336 954 3384 tamen
1015 3325 1214 3383 studiis
1277 3326 1529 3385 tribuum
1592 3327 1820 3385 fiebant.
1923 3345 2111 3406 neque
2165 3330 2416 3405 populus
2440 3345 2473 3390 2

412 3424 747 3500 ademptum
809 3424 896 3481 ius
954 3432 1188 3500 questus
1245 3431 1333 3480 est
1394 3424 1501 3481 nisi
1556 3424 1713 3481 inani
1767 3441 2014 3495 rumore,
2069 3436 2127 3483 et
2181 3437 2418 3485 senatus

415 3520 805 3596 largitionibus
863 3539 935 3581 ac
997 3521 1262 3598 precibus
1320 3521 1565 3581 sordidis
1623 3511 1916 3580 exsolutus
1972 3522 2155 3581 libens
2217 3526 2415 3598 tenuit,
