2594 3925
424 228 533 295 156
865 234 1229 285 CORNELII
1270 237 1535 286 TACJTJ
1566 235 1987 286 ANNALIUM
2068 222 2275 307 [A.u.c.
2302 245 2411 300 775·

418 386 551 443 novi
585 386 851 447 homines
880 409 913 447 e
940 391 1267 467 municipiis
1301 401 1358 450 et
1398 391 1642 452 coloniis
1681 400 1851 468 atque
1890 392 2063 451 etiarn
2108 390 2415 467 provinciis

417 483 476 540 in
504 495 764 544 senatum
792 490 990 547 crebro
1029 489 1317 566 adsumpti
1355 491 1734 550 domesticam
1763 490 2178 567 parsimoniam
2217 489 2417 547 intule-

415 592 561 655 runt,
589 593 645 642 et
682 603 1032 664 quamquam
1067 587 1294 646 fortuna
1322 589 1409 647 vel
1443 590 1718 647 industria
1750 588 1999 666 plerique
2039 588 2420 666 pecuniosam

417 682 491 739 ad
536 694 825 742 senectam
868 688 1240 763 pervenirent,
1286 688 1499 746 mansit
1542 697 1737 747 tamen
1786 689 1941 764 prior
1985 689 2236 746 animuS.
2323 686 2421 744 sed
2442 697 2471 744 5

365 801 391 851 5
415 782 750 857 praecipuus
795 784 1045 844 adstricti
1100 787 1277 845 moris
1334 796 1533 846 auctor
1568 787 1962 863 Vespasianus
2010 786 2135 857 fuit,
2179 786 2419 862 antiquo

416 880 538 955 ipse
579 881 731 940 cultu
758 884 1038 959 victuque.
1121 886 1463 962 obsequium
1491 885 1624 943 inde
1666 887 1728 942 in
1768 885 2092 969 principem
2128 893 2185 941 et
2228 901 2422 941 aemu-

416 976 568 1037 landi
609 998 772 1039 amor
809 982 1046 1040 validior
1086 1001 1261 1059 quam
1304 1002 1496 1059 poena
1536 1003 1609 1042 ex
1651 984 1874 1060 legibus
1922 992 1980 1042 et
2022 991 2228 1041 metuS.
2314 982 2422 1039 nisi
2443 991 2476 1037 8

414 1076 557 1136 forte
576 1080 743 1137 rebus
765 1080 986 1138 cunctis
1013 1081 1160 1139 inest
1181 1081 1416 1157 quidam
1433 1082 1582 1141 velut
1612 1083 1783 1154 orbis,
1807 1091 1869 1140 ut
1898 1100 2071 1159 quem
2088 1081 2164 1140 ad
2182 1080 2425 1138 modum

414 1184 737 1252 temporum
800 1178 969 1250 viceS‚
1028 1179 1106 1237 ita
1160 1197 1389 1238 momm
1443 1189 1775 1253 vertantur3
1840 1199 1954 1255 nec
2009 1180 2212 1237 omnia
2269 1177 2423 1254 apud

341 1296 399 1331 10
414 1275 630 1350 priores
657 1275 908 1348 meliora,
928 1277 1030 1335 sed
1056 1288 1251 1336 nostra
1279 1296 1511 1355 quoque
1540 1288 1694 1336 aetas
1720 1278 1903 1337 multa
1928 1278 2111 1336 laudis
2140 1286 2198 1336 et
2219 1278 2425 1334 artium

414 1371 689 1430 imitanda
728 1375 970 1449 posteris
1010 1376 1151 1434 tulit.
1232 1394 1429 1434 verum
1471 1376 1614 1435 haec
1643 1376 1812 1435 nobis
1856 1379 1916 1435 in
1957 1377 2207 1436 maiores
2245 1385 2424 1435 certa·

414 1470 572 1528 mina
597 1489 670 1529 ex
698 1470 943 1531 honesto
970 1484 1257 1533 maneant.

496 1575 598 1628 56.
641 1569 905 1629 Tiberius
975 1571 1127 1629 fama
1182 1572 1595 1632 moderationis
1651 1582 1831 1650 parta,
1890 1572 2052 1650 quod
2107 1572 2425 1650 ingruentis

415 1673 774 1724 accusatores
800 1676 1153 1741 represserat,
1182 1668 1353 1725 mittit
1381 1667 1568 1726 literas
1598 1668 1671 1726 ad
1700 1676 1979 1739 senatum,
2011 1668 2140 1743 quis
2170 1676 2425 1743 potesta-

343 1784 396 1834 15
417 1772 533 1819 tem
559 1764 918 1822 tribuniciam
945 1762 1138 1823 Druso
1168 1767 1415 1842 petebat.
1499 1766 1560 1824 id
1595 1767 1808 1823 summi
1837 1765 2050 1842 fastigii
2078 1766 2426 1824 vocabulum
2450 1777 2481 1822 2

415 1862 708 1940 Augustus
747 1864 1007 1939 repperit,
1050 1884 1124 1923 ne
1165 1865 1318 1941 regis
1359 1874 1457 1924 aut
1499 1865 1791 1925 dictatoris
1839 1883 2057 1923 nomen
2101 1865 2428 1923 adsumeret

417 1982 484 2022 ac
540 1973 734 2021 tamen
800 1964 1182 2040 appellatione
1242 1966 1433 2042 aliqua
1489 1976 1676 2025 cetera
1731 1966 1970 2042 imperia
2026 1965 2426 2041 praemineret.

416 2061 681 2121 Marcum
729 2061 933 2121 deinde
974 2063 1295 2140 Agrippam
1353 2064 1576 2123 socium
1625 2065 1746 2122 eius
1794 2065 2112 2141 potestatiS‚
2160 2081 2281 2139 quo
2332 2062 2427 2120 de·
2451 2073 2480 2118 3

416 2160 612 2220 functo
656 2161 953 2220 Tiberium
1001 2161 1300 2222 Neronem
1348 2163 1573 2239 delegit,
1624 2183 1697 2221 ne
1753 2181 2054 2222 successor
2099 2163 2161 2219 in
2208 2162 2428 2219 incerto

341 2282 401 2316 20
419 2258 579 2317 foret.
683 2260 764 2318 sic
835 2260 1090 2319 cohiberi
1146 2279 1349 2337 pravas
1419 2262 1660 2320 aliorum
1730 2279 1861 2337 spes
1929 2262 2154 2318 rebatur
2170 2279 2187 2329 ;
2262 2257 2430 2316 simul
2450 2268 2483 2313 4

417 2357 728 2415 modestiae
775 2357 1026 2416 Neronis
1079 2367 1137 2416 et
1192 2377 1328 2417 suae
1375 2359 1757 2435 magnitudini
1808 2357 2037 2416 fidebat.
2121 2375 2241 2432 quo
2294 2368 2429 2415 tunc
2454 2368 2483 2414 5

415 2455 680 2530 exemplo
710 2456 973 2514 Tiberius
999 2455 1255 2514 Drusum
1288 2475 1545 2516 summae
1574 2458 1654 2515 rei
1683 2456 1953 2525 admovit,
1983 2473 2119 2514 cum
2147 2454 2433 2513 incolumi

418 2552 765 2611 Germanico
795 2554 1081 2630 integrum
1112 2556 1256 2614 inter
1284 2555 1431 2613 duos
1461 2554 1735 2613 iudicium
1762 2554 2052 2612 tenuisset.
2137 2553 2243 2610 sed
2272 2554 2433 2630 prin·
2454 2560 2485 2605 6

416 2652 570 2727 cipio
617 2652 903 2710 literarum
944 2663 1239 2712 veneratus
1290 2654 1450 2725 deOS,
1492 2662 1555 2711 ut
1604 2653 1845 2711 consilia
1895 2670 1998 2709 sua
2037 2652 2118 2709 rei
2162 2651 2433 2727 publicae

341 2773 397 2822 25
418 2761 830 2826 prosperarent,
862 2751 1093 2810 modica
1123 2752 1194 2810 de
1222 2753 1478 2811 moribus
1506 2750 1884 2809 adulescentis
1914 2768 2102 2826 neque
2131 2750 2193 2806 in
2222 2749 2432 2808 falsum

418 2857 587 2906 aucta
633 2848 855 2907 rettulit.
956 2868 1081 2908 esse
1138 2850 1217 2906 illi
1272 2851 1584 2925 coniugem
1637 2858 1694 2907 et
1748 2858 1860 2906 tres
1918 2849 2126 2906 liberos
2182 2865 2430 2923 eamque
2451 2861 2480 2908 7

418 2956 677 3016 aetatem,
707 2964 821 3022 qua
855 2946 977 3022 ipse
1007 2947 1306 3023 quondam
1347 2966 1383 3005 a
1422 2946 1553 3005 divo
1583 2946 1848 3022 Augusto
1887 2944 1961 3003 ad
2003 2945 2426 3021 capessendum

416 3046 528 3104 hoc
572 3063 779 3103 munus
820 3054 1055 3104 vocatus
1100 3047 1187 3104 sit.
1271 3064 1458 3122 neque
1501 3063 1655 3103 nunc
1699 3062 1958 3121 propere,
2004 3044 2106 3101 sed
2146 3062 2250 3119 per
2293 3053 2428 3102 octo
2449 3056 2480 3101 8

418 3162 604 3202 annos
631 3153 802 3220 capto
839 3144 1251 3219 experimento,
1281 3144 1628 3219 compressis
1670 3142 2059 3212 seditionibuS,
2090 3142 2426 3216 compositis

338 3266 400 3313 30
418 3243 596 3312 bellis,
640 3241 1040 3318 triumphalem
1086 3252 1142 3301 et
1183 3244 1271 3301 bis
1314 3243 1618 3302 consulem
1666 3241 1790 3299 noti
1832 3240 2045 3299 laboris
2091 3239 2428 3316 participem

419 3341 583 3398 sumi.

499 3444 597 3497 57.
639 3437 1050 3516 Praeceperant
1091 3440 1300 3498 animis
1342 3439 1662 3498 orationem
1712 3446 1917 3514 patreS,
1962 3454 2081 3513 quo
2125 3436 2429 3512 quaesitior

420 3535 665 3594 adulatio
694 3536 812 3596 fuit.
896 3558 1002 3598 nec
1037 3548 1233 3598 tamen
1265 3547 1551 3614 repertum
1585 3537 1694 3595 nisi
1730 3545 1794 3594 ut
1828 3536 2046 3611 effigies
2084 3535 2423 3611 principum,
2446 3538 2475 3584 8
