2594 3925
391 252 507 293 200
822 242 1177 294 CORNELlJ
1218 244 1310 293 TA
1320 244 1479 294 ειη
1508 244 1929 295 ANNALJUM
2025 231 2230 317 [nuc.
2258 245 2395 308 780.

387 418 457 459 ac
513 400 786 461 muliebre
846 419 1030 474 secuS,
1088 401 1278 461 omnis
1342 411 1515 474 aetaS,
1571 404 1651 463 ob
1713 401 2202 479 propinquitatem
2255 398 2394 459 loci

388 498 654 571 effusius;
695 499 850 558 unde
892 500 1116 576 gravior
1163 501 1341 577 pestis
1380 500 1500 573 fuit,
1545 500 1803 561 conferta
1849 500 2018 572 mole,
2066 499 2199 560 dein
2237 516 2392 557 con-

387 596 562 669 vulsa,
592 597 730 655 dum
759 598 867 656 ruit
896 599 1047 657 intus
1076 609 1172 658 aut
1199 600 1260 657 in
1294 599 1574 659 exteriora
1601 598 1914 657 effunditur
1940 598 2392 673 inmensamque

387 695 505 753 vim
539 696 878 767 mortalium,
910 697 1238 774 spectaculo
1271 698 1526 758 intentos
1564 706 1662 756 aut
1689 697 1788 774 qui
1815 697 2032 755 circum
2060 695 2390 766 adstabant,

336 818 365 867 5
386 811 665 871 praeceps
690 794 860 854 trahit
897 805 1066 872 atque
1107 797 1311 873 operit.
1394 807 1452 856 et
1477 797 1554 855 illi
1581 796 1830 872 quidem,
1862 812 2011 871 quos
2038 794 2394 872 principium
2419 799 2467 847 4

390 892 590 969 stragis
618 892 678 951 in
705 903 949 952 mortem
978 893 1293 967 adflixerat,
1321 905 1386 954 ut
1414 894 1510 954 tali
1546 903 1715 965 sorte,
1746 893 2060 952 cruciatum
2092 892 2389 968 effugere:
2466 933 2469 936 -

388 990 698 1049 miserandi
747 990 932 1066 magis
974 1009 1124 1067 quos
1166 992 1408 1068 abrupta
1454 1002 1616 1071 parte
1667 991 1926 1068 corporis
1968 990 2232 1049 nondum
2272 990 2397 1047 vita
2423 996 2462 1043 5

391 1089 747 1161 deseruerat3
816 1089 914 1165 qui
968 1108 1071 1166 per
1127 1090 1282 1149 diem
1337 1091 1474 1162 visu,
1531 1110 1634 1168 per
1687 1099 1923 1150 noctem
1967 1088 2276 1147 ululatibus
2330 1096 2395 1146 et

390 1188 608 1264 gemitu
655 1187 929 1263 coniuges
984 1196 1080 1246 aut
1131 1187 1343 1248 liberos
1399 1191 1737 1249 noscebant.
1834 1189 1951 1248 iam
2007 1188 2180 1248 ceteri
2235 1185 2395 1244 fama
2421 1191 2462 1239 6

318 1308 376 1344 ιο
392 1285 578 1357 exciti,
608 1283 701 1343 hic
742 1284 990 1357 fratrem,
1021 1286 1412 1362 propinquum
1450 1287 1558 1358 ille,
1589 1287 1732 1345 alius
1774 1297 2039 1363 parentes
2069 1282 2392 1343 lamentari.

393 1383 565 1442 etiam
592 1400 836 1459 quorum
865 1383 1088 1443 diversa
1129 1383 1200 1443 de
1242 1403 1419 1443 causa
1461 1385 1632 1444 amici
1660 1394 1756 1443 aut
1794 1383 2103 1444 necessarii
2132 1383 2393 1452 aberant,
2420 1386 2457 1436 ⁷

392 1498 600 1558 pavere
633 1490 865 1555 tamen3
909 1482 1242 1559 nequedum
1282 1493 1583 1560 comperto
1612 1501 1761 1562 quos
1798 1468 1895 1542 illa
1926 1483 2009 1540 vis
2035 1480 2394 1558 perculisset,

392 1576 560 1637 latior
587 1597 662 1637 ex
689 1580 905 1640 incerto
932 1591 1138 1641 metus,

476 1684 577 1739 63.
617 1676 701 1737 Ut
745 1697 988 1757 coepere
1029 1679 1305 1740 dimoveri
1350 1682 1574 1753 obruta,
1617 1697 1931 1741 concursus
1972 1678 2050 1739 ad
2089 1676 2400 1738 exanimos

323 1799 376 1850 15
396 1777 923 1854 complectentium,
978 1767 1360 1839 osculantium
1372 1797 1391 1852 ς
1449 1789 1506 1839 et
1560 1797 1733 1855 saepe
1789 1789 2093 1849 certamen,
2145 1777 2194 1836 si
2250 1793 2400 1835 con-

395 1877 573 1937 fusior
620 1876 811 1948 facies‚
862 1877 967 1937 sed
1014 1896 1119 1955 par
1162 1878 1349 1937 forma
1397 1888 1495 1938 aut
1537 1887 1693 1939 aetas
1739 1896 1991 1938 errorem
2027 1877 2401 1953 adgnoscen-

397 1977 547 2036 tibus
574 1976 801 2036 fecerat.
873 1977 1289 2055 quinquaginta
1319 1978 1623 2038 hominum
1651 1977 1807 2036 milia
1833 1993 1906 2036 eo
1935 1993 2076 2036 casu
2102 1975 2401 2035 debilitata
2423 1977 2458 2024 8

395 2075 485 2135 vel
525 2075 731 2133 obtrita
771 2084 939 2148 sunt;
984 2084 1329 2155 cautumque
1376 2077 1438 2134 in
1484 2085 1779 2153 posterum
1828 2084 2061 2133 senatus
2111 2072 2398 2146 consulte,

397 2190 474 2231 ne
516 2172 644 2257 quis
690 2173 1087 2249 gladiatorium
1131 2192 1341 2234 munus
1389 2175 1597 2246 ederet,
1642 2174 1735 2233 cui
1776 2174 1969 2232 minor
2009 2171 2400 2249 quadringen-

325 2295 384 2332 20
400 2280 589 2330 torum
615 2272 836 2331 milium
862 2291 972 2344 res,
999 2291 1144 2332 neve
1170 2274 1656 2351 amphitheatrum
1697 2272 2087 2350 imponeretur
2114 2271 2223 2329 nisi
2268 2268 2399 2328 solo

400 2371 677 2430 firmitatis
717 2380 1023 2448 spectatae.
1105 2371 1316 2431 Atilius
1363 2372 1426 2430 in
1470 2372 1701 2430 exilium
1745 2378 1907 2430 actus
1955 2379 2059 2429 est.
2144 2378 2400 2427 ceterum
2421 2378 2456 2424 8

401 2471 512 2529 sub
549 2479 838 2528 recentem
878 2469 1100 2529 cladem
1141 2479 1375 2546 patuere
1415 2489 1719 2547 procerum
1766 2469 1992 2539 domus,
2034 2467 2293 2528 fomenta
2341 2476 2401 2526 et

401 2567 609 2627 medici
649 2568 867 2644 passim
900 2568 1154 2644 praebiti,
1184 2567 1402 2645 fuitque
1428 2570 1565 2628 urbs
1607 2587 1710 2646 per
1738 2568 1865 2627 illos
1894 2567 2016 2631 dies
2043 2583 2400 2643 quamquam

402 2673 620 2724 maesta
647 2664 793 2723 facie
820 2673 1074 2724 veterum
1102 2665 1371 2726 institutis
1404 2666 1621 2738 similis,
1653 2666 1752 2745 qui
1779 2683 1994 2742 magna
2019 2673 2156 2741 post
2180 2662 2402 2742 proelia

327 2790 384 2838 25
404 2764 627 2823 saucios
655 2762 946 2839 largitione
974 2773 1031 2822 et
1058 2782 1195 2823 cura
1222 2765 1632 2824 sustentabant.

484 2867 589 2921 64.
650 2860 929 2919 Nondum
983 2880 1053 2920 ea
1108 2861 1300 2921 clades
1354 2861 1693 2936 exoleverat,
1743 2879 1880 2922 cum
1933 2860 2086 2938 ignis
2133 2844 2399 2919 violentia

402 2959 607 3018 urbem
632 2959 775 3018 ultra
805 2959 1035 3018 solitum
1063 2959 1286 3030 adfecit,
1318 2961 1521 3019 deusto
1549 2968 1747 3019 monte
1769 2959 1966 3019 Caelio
1993 2979 2008 3032 3
2052 2958 2398 3033 feralemque

403 3075 624 3116 annum
651 3057 903 3117 ferebant
939 3066 996 3117 et
1022 3058 1311 3117 ominibus
1351 3058 1597 3117 adversis
1626 3068 1960 3135 susceptum
1985 3056 2233 3134 principi
2260 3073 2397 3114 con-

406 3155 594 3213 silium
634 3156 941 3225 absentiae,
970 3155 1068 3230 qui
1096 3172 1225 3213 mos
1253 3156 1444 3232 vulgo,
1473 3155 1701 3215 fortuita
1729 3155 1804 3214 ad
1832 3154 2063 3232 culpam
2091 3152 2392 3224 trahentes,

331 3276 391 3324 30
409 3253 470 3310 ni
518 3252 733 3312 Caesar
782 3251 1013 3311 obviam
1054 3251 1191 3310 isset
1245 3252 1552 3312 tribuendo
1608 3251 1884 3329 pecunias
1939 3269 2013 3309 ex
2064 3248 2244 3308 modo
2298 3249 2393 3309 de-

409 3351 671 3409 trimenti.
754 3360 1029 3426 actaeque
1074 3350 1128 3408 ei
1183 3359 1372 3425 grates
1426 3349 1583 3427 apud
1639 3358 1901 3406 senatum
1955 3348 2030 3407 ab
2073 3345 2392 3404 inlustribus
2414 3356 2445 3401 2

407 3448 671 3524 famaque
708 3449 864 3525 apud
899 3447 1196 3524 populum,
1227 3447 1364 3524 quia
1391 3448 1513 3505 sine
1542 3446 1853 3505 ambitione
1880 3453 1977 3503 aut
2003 3443 2393 3521 proximorum

407 3548 673 3625 precibus
714 3547 943 3625 ignotos
985 3545 1156 3606 etiam
1198 3555 1254 3605 et
1294 3546 1440 3605 ultro
1479 3545 1695 3605 accitos
1739 3541 2132 3605 munificentia
2172 3540 2389 3601 iuverat.
