2594 3925
406 238 515 290 144
778 235 786 250 ·
848 224 1210 274 CORNELII
1252 224 1342 272 TA
1353 184 1970 272 CJTJ‘ANNAHUM
2047 211 2262 294 [A.u.c.
2288 235 2394 287 774·

400 385 608 442 manici
647 402 781 443 cum
810 383 1049 443 Tiberio
1083 383 1239 441 idem
1278 364 1467 440 honor
1509 399 1697 458 neque
1740 392 1948 458 patruo
1985 382 2166 441 laetus
2209 400 2394 459 neque

399 493 601 539 natura
647 492 766 540 tam
816 501 1075 541 conexus
1133 480 1333 539 fuerat.
1431 481 1554 538 eius
1608 480 1744 537 anni
1798 481 2083 558 principio
2126 482 2397 539 Tiberius
2428 492 2473 536 2

399 582 560 657 quasi
603 581 918 640 firmandae
954 580 1261 639 valetudini
1295 580 1357 636 in
1392 577 1777 660 Campaniam
1816 580 2120 649 concessit,
2158 580 2397 655 longam

398 687 455 735 et
498 680 834 738 continuam
883 679 1204 738 absentiam
1253 677 1530 754 paulatim
1575 678 1880 748 meditans,
1926 678 2042 736 sive
2089 690 2154 736 ut
2200 686 2396 737 amoto

337 762 370 848 '5
394 786 553 852 patre
581 776 802 836 Drusus
830 778 1029 835 munia
1057 775 1387 835 consulatus
1417 776 1573 833 solus
1601 775 1880 852 impleret.
1944 794 2013 834 ac
2042 776 2192 834 forte
2222 795 2399 853 parva
2426 788 2469 833 3

396 894 488 934 res
516 895 797 952 magnum
827 877 903 934 ad
933 887 1224 933 certamen
1253 893 1563 951 progressa
1591 876 1853 950 praebuit
1882 875 2071 933 iuveni
2098 875 2399 933 materiem

397 975 693 1049 apiscendi
723 974 948 1033 favoris,
1034 973 1325 1032 Domitius
1358 972 1617 1031 Corbulo
1654 983 1919 1048 praetura
1952 973 2184 1032 functus
2225 974 2299 1033 de
2335 972 2400 1031 L.
2425 982 2473 1027 4

399 1072 554 1131 Sulla
582 1073 761 1132 nobili
788 1073 994 1132 iuvene
1022 1082 1258 1148 questus
1288 1082 1376 1130 est
1416 1071 1574 1148 apud
1617 1081 1899 1143 senatum,
1929 1072 2089 1148 quod
2121 1072 2231 1130 sibi
2261 1073 2404 1129 int‘er

398 1172 726 1247 spectacula
774 1171 1158 1246 gladiatorum
1208 1169 1344 1228 loco
1396 1188 1520 1228 non
1566 1170 1926 1229 decessisset.
2017 1189 2123 1246 pro
2172 1170 2403 1229 Corbu-
2429 1178 2466 1223 5

322 1269 530 1328 rolone
569 1280 745 1341 aetas,
787 1269 1004 1346 patrius
1042 1287 1188 1340 mos,
1220 1268 1408 1327 studia
1450 1269 1743 1327 seniorum
1783 1280 1979 1328 erant:
2026 1279 2233 1328 contra
2274 1269 2405 1327 Ma·

396 1387 622 1427 mercus
682 1367 930 1426 Scaurus
985 1377 1043 1425 et
1098 1366 1164 1425 L.
1208 1367 1515 1427 Arruntius
1573 1366 1781 1444 aliique
1842 1368 2028 1427 Sullae
2084 1369 2405 1445 propinqui

397 1467 741 1524 nitebantur.
831 1468 1244 1541 certabantque
1286 1466 1644 1523 orationibus
1686 1476 1744 1524 et
1786 1469 2261 1527 memorabantur
2305 1487 2403 1525 ex·
2428 1474 2465 1520 8

399 1563 592 1639 empla
613 1564 912 1633 maiorum,
937 1564 1037 1639 qui
1065 1564 1371 1622 iuventutis
1393 1564 1833 1623 inreverentiam
1862 1566 2132 1641 gravibus
2156 1566 2405 1625 decretis

398 1662 768 1746 notavissent³
801 1663 991 1720 donec
1019 1661 1245 1721 Drusus
1276 1672 1412 1738 apta
1440 1662 1829 1738 temperandis
1858 1664 2066 1723 animis
2096 1665 2404 1740 disseruit3

327 1782 380 1832 15
400 1770 456 1817 et
497 1760 847 1818 satisfactum
891 1758 1210 1818 Corbuloni
1247 1779 1352 1836 per
1392 1759 1775 1831 Mamercum,
1812 1762 1912 1838 qui
1950 1773 2189 1839 patruus
2233 1762 2404 1822 simul

399 1876 467 1915 ac
520 1858 748 1916 vitricus
807 1853 1000 1916 Sullae
1055 1868 1113 1916 et
1171 1868 1461 1917 oratorum
1518 1879 1581 1916 ea
1639 1869 1825 1917 aetate
1882 1861 2206 1919 uberrimus
2265 1872 2405 1921 erat.

400 1955 552 2018 idem
594 1955 852 2016 Corbulo
893 1956 1138 2033 plurima
1178 1977 1282 2034 per
1322 1957 1549 2016 Italiam
1581 1958 1785 2018 itinera
1825 1957 2023 2018 fraude
2064 1962 2406 2039 mancipum
2429 1973 2460 2021 ’1

401 2062 458 2111 et
509 2055 727 2113 incuria
773 2055 1211 2131 magistratuum
1266 2056 1580 2132 interrupta
1624 2067 1682 2115 et
1727 2057 1983 2133 inpervia
2027 2059 2405 2129 clamitand0,

401 2154 828 2212 exsecutionem
855 2155 979 2213 eius
1008 2154 1223 2229 negotii
1251 2153 1435 2212 libens
1466 2140 1717 2230 suscepit
1738 2174 1757 2227 ;
1797 2156 1954 2230 quod
1982 2155 2133 2214 haud
2164 2159 2406 2235 perinde

327 2273 385 2306 20
402 2251 632 2326 publice
659 2252 787 2310 usui
816 2252 1074 2310 habitum
1093 2270 1270 2328 quam
1292 2252 1600 2311 exitiosum
1628 2252 1838 2323 multis,
1860 2271 2108 2328 quorum
2137 2256 2198 2312 in
2228 2274 2407 2331 pecu·

400 2349 558 2406 niam
587 2359 765 2426 atque
792 2349 1009 2409 famam
1038 2349 1512 2409 damnationibus
1543 2360 1601 2409 et
1628 2350 1795 2409 hasta
1825 2352 2128 2410 saeviebat.

483 2453 581 2506 32.
626 2448 835 2524 Neque
876 2449 1058 2507 multo
1101 2459 1235 2524 post
1277 2449 1469 2508 missis
1503 2448 1578 2507 ad
1622 2460 1888 2507 senatum
1922 2450 2096 2507 literis
2134 2450 2409 2510 Tiberius

401 2557 624 2603 motam
663 2565 888 2606 rursum
920 2547 1180 2605 Africam
1219 2547 1457 2605 incursu
1485 2545 1870 2605 Tacfarinatis
1913 2547 2129 2620 docuit,
2167 2549 2411 2608 iudicio-

405 2663 514 2719 que
543 2655 771 2719 patrum
798 2645 1172 2721 deligendum
1200 2662 1309 2721 pro
1340 2644 1579 2702 consule
1608 2662 1855 2720 gnarum
1882 2645 2133 2714 militiae,
2157 2665 2411 2725 corpore

327 2767 383 2815 25
403 2743 654 2800 validum
697 2752 754 2800 et
793 2744 944 2802 bello
988 2743 1402 2816 suffecturum.
1452 2743 1612 2817 quod
1654 2742 1878 2800 initium
1922 2742 2052 2802 Sex.
2092 2743 2410 2821 Pompeius
2436 2756 2468 2800 2

404 2840 656 2916 agitandi
699 2840 967 2899 adversus
1011 2840 1280 2899 Marcum
1325 2840 1614 2916 Lepidum
1650 2840 1769 2898 odii
1810 2851 2072 2912 nanctuS,
2108 2853 2171 2899 ut
2209 2861 2413 2901 socor-

406 2939 557 3008 dem,
586 2939 824 3014 inopem
851 2950 908 2996 et
936 2939 1251 2997 maioribus
1281 2938 1400 2997 suis
1430 2937 1784 2996 dedecorum
1812 2923 2001 3015 eoque
2030 2940 2202 2997 etiam
2231 2941 2410 2999 Asiae

405 3049 558 3097 sorte
610 3035 1019 3112 depellendum
1075 3037 1369 3107 incusavit,
1415 3036 1655 3095 adverso
1701 3047 1920 3108 senatu,
1965 3037 2063 3113 qui
2118 3036 2411 3113 Lepidum

404 3138 603 3195 mitem
633 3135 818 3211 magis
846 3153 1022 3210 quam
1061 3135 1353 3211 ignavum,
1381 3128 1654 3211 paternas
1693 3136 1747 3193 ei
1782 3137 2075 3210 angustias
2114 3145 2171 3193 et
2205 3137 2410 3194 nobili-

326 3257 390 3304 30
408 3246 583 3294 tatem
618 3235 740 3293 sine
769 3235 982 3310 probro
1013 3245 1204 3292 actam
1238 3234 1448 3292 honori
1476 3251 1654 3309 quam
1682 3233 2036 3308 ignominiae
2075 3232 2410 3291 habendam

407 3333 668 3391 ducebat.
750 3332 920 3407 igitur
960 3332 1170 3389 missus
1203 3333 1262 3388 in
1302 3331 1519 3410 Asiam,
1557 3341 1615 3389 et
1660 3332 1733 3390 de
1774 3330 1973 3389 Africa
2010 3331 2308 3389 decretum
2349 3342 2409 3390 ut
2433 3339 2463 3384 3

410 3430 623 3488 Caesar
650 3431 865 3504 legeret
893 3430 985 3488 cui
1015 3429 1349 3488 mandanda
1376 3429 1536 3488 foret.

490 3534 587 3586 33.
631 3529 790 3585 Inter
831 3546 979 3604 quae
1031 3528 1276 3586 Severus
1320 3526 1576 3586 Caecina
1624 3527 1847 3586 censuit
1888 3545 1962 3586 ne
2004 3545 2179 3604 quem
2230 3528 2410 3606 magi·
