2594 3925
291 257 294 260 Α
325 230 350 269 1
363 214 439 284 46
769 218 1133 270 CORNELII
1175 218 1264 267 TA
1277 216 1441 267 επ]
1471 216 1893 267 ANNALJUM
1974 205 2179 290 [A.u.c.
2207 226 2322 280 774·

317 395 562 437 uxorum
590 377 860 437 maritos:
904 367 1047 435 num
1075 394 1217 452 ergo
1248 375 1444 434 omnis
1480 375 1733 433 caelibes
1774 374 2073 449 integros?
2122 372 2322 449 placu-

317 477 431 534 isse
460 475 759 552 quondam
781 474 1007 551 Oppias
1027 474 1208 550 leges,
1230 474 1313 531 sic
1337 474 1699 550 temporibus
1719 474 1801 531 rei
1829 473 2092 548 publicae
2120 480 2323 548 postu-

318 573 601 632 lantibus:
654 574 957 631 remissum
997 571 1213 648 aliquid
1254 581 1459 647 postea
1496 581 1553 629 et
1598 572 1935 647 mitigatum,
1974 570 2111 646 quia
2146 587 2325 644 expe·

318 670 498 729 dierit.
579 669 788 729 frustra
815 680 1077 729 nostram
1105 670 1396 744 ignaviam
1425 670 1536 727 alia
1574 671 1650 728 ad
1677 669 1957 728 vocabula
1992 667 2322 726 transferri:
2354 685 2404 734 ¹7

268 792 294 839 5
319 786 456 826 nam
490 768 590 826 viri
620 768 680 826 in
710 787 784 826 eo
813 768 1063 843 culpam,
1096 751 1145 824 si
1174 766 1390 825 femina
1418 767 1662 826 modum
1690 767 1949 825 excedat.
2031 784 2207 841 porro
2249 766 2328 823 ob
2358 772 2412 816 8

317 866 482 923 unius
511 876 606 924 aut
636 866 863 924 alterius
891 864 1223 922 inbecillum
1251 865 1511 923 animum
1551 865 1703 923 male
1741 864 1884 940 eripi
1919 864 2138 921 maritis
2182 880 2327 921 con-

320 964 493 1022 sortia
513 979 702 1022 rerum
721 963 1106 1023 secundarum
1127 962 1629 1038 adversarumque.
1693 962 1866 1021 simul
1893 980 2095 1020 sexum
2124 970 2332 1019 natura
2354 972 2408 1018 9

319 1062 631 1121 invalidum
660 1063 844 1122 deseri
874 1071 933 1120 et
959 1062 1176 1136 exponi
1209 1079 1317 1119 suo
1346 1061 1502 1132 luxu,
1534 1060 1903 1136 cupidinibus
1930 1059 2149 1119 alienis.
2235 1060 2332 1117 vix
2356 1070 2442 1116 10

320 1162 608 1237 praesenti
658 1160 923 1221 custodia
978 1177 1216 1216 manere
1271 1159 1488 1217 inlaesa
1537 1158 1838 1232 coniugia:
1900 1157 2039 1234 quid
2085 1157 2233 1227 fore,
2284 1157 2337 1214 si

244 1282 305 1316 10
321 1277 424 1335 per
457 1259 646 1336 plures
686 1276 873 1318 annos
905 1258 966 1315 in
999 1256 1242 1314 modum
1272 1256 1495 1314 discidii
1532 1256 1937 1315 obliterentur?
1981 1256 2062 1315 sic
2099 1256 2335 1315 obviam

321 1358 468 1416 irent
493 1357 562 1415 iis
591 1374 738 1432 quae
769 1355 900 1414 alibi
929 1363 1324 1432 peccarentur,
1354 1364 1418 1412 ut
1453 1353 1804 1429 flagitiorum
1835 1356 1994 1414 urbis
2032 1356 2333 1413 meminis-

324 1463 467 1513 sent.
549 1453 767 1512 addidit
792 1472 980 1530 pauca
1007 1453 1230 1512 Drusus
1260 1454 1333 1512 de
1362 1453 1735 1512 matrimonio
1766 1472 1909 1526 su03
1949 1471 2087 1511 nam
2115 1453 2331 1529 princi·
2356 1466 2427 1511 11

322 1554 490 1628 pibus
537 1551 804 1626 adeunda
849 1553 1079 1628 saepius
1125 1552 1444 1628 longinqua
1484 1552 1725 1629 imperii.
1824 1553 2089 1629 quotiens
2133 1551 2333 1609 divum
2359 1565 2432 1610 12

323 1649 654 1725 Augustum
698 1650 758 1708 in
806 1651 1173 1709 occidentem
1222 1660 1399 1727 atque
1447 1652 1733 1710 orientem
1782 1651 2065 1709 meavisse
2114 1651 2334 1708 comite

251 1771 306 1820 15
326 1747 520 1806 Livia!
571 1764 632 1807 se
661 1766 891 1825 quoque
933 1748 994 1805 in
1036 1748 1330 1825 Illyricum
1362 1748 1688 1825 profectum
1721 1760 1794 1819 et,
1826 1749 1875 1807 si
1907 1749 1986 1806 ita
2020 1748 2330 1826 conducat,
2359 1762 2430 1806 13

324 1847 462 1905 alias
506 1846 581 1904 ad
636 1856 839 1922 gentes
893 1847 1118 1918 iturum,
1167 1847 1323 1906 haud
1369 1864 1600 1926 semper
1647 1867 1836 1925 aequo
1893 1848 2108 1919 animo,
2157 1848 2207 1905 si
2255 1848 2332 1905 ab

324 1962 505 2029 uxore
541 1945 838 2004 carissima
879 1953 936 2004 et
972 1955 1060 2004 tot
1097 1947 1497 2006 communium
1540 1948 1851 2008 liberorum
1882 1955 2120 2025 parente
2155 1945 2333 2005 divel-

326 2042 549 2102 leretur.
637 2043 719 2102 sic
751 2042 1040 2102 Caecinae
1070 2047 1351 2105 sententia
1379 2047 1538 2105 elusa
1572 2057 1679 2106 est.

406 2148 510 2200 35.
554 2140 826 2199 Proximo
884 2151 1117 2200 senatus
1170 2142 1261 2200 die
1313 2142 1582 2202 Tiberius
1639 2163 1744 2221 per
1784 2144 1989 2214 literaS,
2036 2143 2332 2220 castigatis

251 2262 311 2297 20
327 2239 556 2314 oblique
585 2239 840 2315 patribus
868 2238 1025 2315 quod
1053 2251 1261 2300 cuncta
1288 2244 1551 2300 curarum
1580 2243 1653 2302 ad
1683 2243 2001 2319 principem
2029 2243 2331 2313 reicerent,

328 2336 431 2394 M’.
478 2335 766 2412 Lepidum
821 2346 878 2395 et
933 2337 1164 2396 Iunium
1220 2339 1492 2398 Blaesum
1537 2341 1867 2413 nominavit,
1917 2340 1990 2399 ex
2039 2340 2165 2415 quis
2222 2358 2332 2416 pro

327 2433 565 2492 consule
606 2433 837 2493 Africae
876 2434 1173 2511 legeretur.
1257 2447 1380 2495 tum
1422 2439 1617 2497 audita
1658 2441 1963 2497 amborum
2004 2439 2197 2509 verba,
2241 2438 2332 2495 in·
2358 2455 2394 2500 2

327 2533 540 2591 tentius
574 2544 886 2593 excusante
916 2552 978 2593 se
1012 2534 1254 2611 Lepido,
1286 2555 1418 2595 cum
1452 2538 1839 2596 valetudinem
1873 2537 2146 2614 corporiS‚
2176 2546 2333 2595 aeta-

329 2641 446 2690 tem
474 2630 732 2701 liberum,
756 2632 1009 2691 nubilem
1030 2633 1206 2692 filiam
1229 2634 1581 2706 obtenderet,
1601 2636 2132 2711 intellegereturque
2155 2635 2334 2693 etiam

253 2751 310 2801 25
330 2727 490 2805 quod
519 2727 736 2799 silebat,
759 2732 1106 2789 avunculum
1134 2749 1260 2791 esse
1291 2732 1483 2791 Seiani
1503 2732 1775 2792 Blaesum
1797 2743 1967 2810 atque
1989 2750 2061 2790 eo
2091 2751 2333 2809 praeva-

329 2827 524 2885 lidum.
607 2826 907 2902 respondit
932 2828 1172 2888 Blaesus
1202 2831 1400 2906 specie
1427 2833 1761 2903 recusantiS,
1786 2832 1889 2890 sed
1910 2849 2098 2907 neque
2121 2830 2333 2889 eadem
2358 2848 2392 2894 3

331 2925 776 2996 adseveratione,
807 2935 864 2984 et
891 2945 1182 2987 consensu
1212 2929 1567 2989 adulantium
1594 2929 1749 2988 haud
1777 2930 2004 2988 adiutus
2031 2938 2136 2988 est.

411 3031 514 3084 36.
571 3023 746 3082 Exim
798 3036 1132 3104 promptum
1185 3028 1345 3103 quod
1401 3029 1710 3087 multorum
1764 3028 1977 3086 intimis
2034 3027 2330 3104 questibus

332 3125 645 3198 tegebatur.
729 3122 1033 3182 incedebat
1061 3126 1215 3183 enim
1246 3125 1553 3185 deterrimo
1584 3128 1788 3203 cuique
1823 3126 2052 3185 licentia
2092 3125 2329 3201 impune

253 3244 316 3291 30
331 3223 563 3297 probra=
582 3230 639 3279 et
667 3220 943 3279 invidiam
975 3223 1034 3280 in
1070 3216 1260 3281 bonos
1305 3225 1595 3283 excitandi
1627 3234 1848 3302 arrepta
1885 3223 2135 3299 imagine
2179 3221 2329 3281 Cae-

332 3319 507 3391 saris;
570 3319 866 3396 libertique
921 3321 1093 3379 etiam
1148 3339 1217 3379 ac
1273 3323 1418 3381 servi
1464 3333 1711 3399 patrono
1755 3323 1844 3381 vel
1889 3322 2146 3390 domin0‚
2194 3338 2329 3380 cum

330 3435 522 3491 voceS,
557 3437 691 3476 cum
729 3420 936 3478 manus
978 3420 1335 3492 intentarent,
1364 3422 1512 3480 ultro
1551 3422 1967 3481 metuebantur.
2009 3446 2024 3457 ν
2049 3419 2217 3495 igitur
2260 3418 2328 3477 C.
2354 3427 2387 3473 2

333 3514 556 3574 Cestius
611 3525 842 3574 senator
894 3518 1156 3578 disseruit
1215 3521 1503 3597 principes
1560 3521 1794 3597 quidem
1855 3521 2032 3578 instar
2088 3518 2328 3577 deorum
