2594 3925
373 228 487 282 140
818 219 1183 270 CORNELII
1223 222 1313 270 TA
1325 221 1487 270 σιτ]
1517 223 1939 273 ANNALJUM
2025 212 2233 292 [nuc.
2260 207 2380 287 773.

368 374 652 433 theatrum
709 392 845 433 cum
899 377 1065 435 claris
1121 376 1353 436 feminis
1409 378 1683 454 ingressa,
1734 377 2140 437 lamentatione
2199 378 2374 438 flebili

337 474 617 537 ,maiores
646 490 783 532 suos
811 474 968 533 ciens
1003 476 1307 553 ipsumque
1338 476 1697 552 Pompeium,
1730 477 1889 535 cuius
1916 495 1986 535 ea
2014 478 2374 537 monimenta

367 580 425 629 et
467 571 755 652 adstantes
797 572 1077 649 imagines
1119 574 1459 645 visebantur,
1505 584 1728 633 tantum
1776 575 2200 633 misericordiae
2245 593 2374 650 per-

366 669 557 741 movit,
591 680 654 728 ut
687 672 852 731 effusi
890 672 951 729 in
984 670 1247 729 lacrimas
1285 689 1456 730 saeva
1487 682 1545 731 et
1582 673 1919 732 detestanda
1954 672 2218 744 Quirinio
2258 672 2376 730 cla-

314 791 341 839 5
366 769 645 841 mitarent‚
677 771 836 829 cuius
871 780 1134 829 senectae
1165 780 1335 847 atque
1364 771 1590 829 orbitati
1624 782 1680 829 et
1708 772 2146 830 obscurissimae
2176 772 2377 830 domui

367 870 647 930 destinata
684 872 984 949 quondam
1026 889 1173 929 uxor
1215 871 1282 929 L.
1326 870 1559 929 Caesari
1601 890 1670 931 ac
1716 871 1848 930 divo
1889 871 2154 946 Augusto
2196 887 2376 927 nurus

368 969 682 1029 dederetur.
769 970 904 1028 dein
952 969 1250 1028 tormentis
1301 988 1597 1028 servorum
1645 970 1934 1047 patefacta
1984 978 2115 1027 sunt
2157 968 2376 1044 flagitia
2400 986 2435 1029 2

367 1068 623 1145 itumque
661 1069 721 1126 in
757 1068 1097 1127 sententiam
1136 1067 1369 1125 Rubelli
1404 1067 1627 1140 Blandi,
1658 1087 1694 1127 a
1722 1087 1840 1146 quo
1869 1086 2019 1145 aqua
2047 1077 2221 1142 atque
2257 1065 2377 1141 igni

366 1170 680 1226 arcebatur.
764 1165 896 1224 huic
933 1165 1158 1223 Drusus
1192 1166 1460 1236 adsensit,
1492 1185 1849 1243 quamquam
1885 1167 1978 1224 alii
2014 1166 2208 1223 mitius
2239 1183 2375 1223 cen·
2399 1179 2434 1225 3

289 1288 348 1323 10
366 1267 624 1323 suissent.
716 1283 854 1323 mox
893 1263 1126 1335 Scauro,
1163 1265 1260 1340 qui
1293 1266 1468 1323 filiam
1502 1285 1575 1323 ex
1614 1284 1681 1324 ea
1724 1274 2017 1341 genuerat,
2054 1264 2258 1321 datum
2302 1281 2374 1320 ne

365 1368 524 1423 bona
555 1364 991 1440 publicarentur.
1062 1373 1186 1421 tum
1220 1365 1457 1423 demum
1487 1365 1711 1441 aperuit
1737 1365 2005 1423 Tiberius
2034 1374 2375 1440 conpertum
2397 1378 2435 1423 4

368 1465 471 1522 sibi
502 1464 674 1521 etiam
703 1481 775 1520 ex
804 1462 867 1520 P.
892 1461 1136 1533 Quirinii
1166 1463 1339 1520 servis
1368 1481 1594 1521 veneno
1623 1481 1758 1521 eum
1788 1481 1825 1521 a
1851 1462 2077 1539 Lepida
2102 1464 2365 1539 petitum.

449 1568 550 1621 24.
594 1548 926 1619 Inlustrium
982 1561 1261 1620 domuum
1317 1561 1556 1620 adversa
1613 1561 1852 1642 (etenim
1914 1561 2070 1619 haud
2130 1562 2377 1619 multum

368 1660 594 1719 distanti
629 1670 889 1736 tempore
923 1658 1218 1735 Calpurnii
1252 1659 1545 1731 Pisonem,
1576 1659 1809 1718 Aemilii
1848 1659 2133 1736 Lepidam
2168 1660 2375 1718 amise-

292 1782 345 1831 15
365 1756 519 1837 rant)
553 1758 770 1817 solacio
808 1758 1016 1817 adfecit
1052 1757 1126 1817 D.
1160 1758 1387 1817 Silanus
1424 1758 1625 1817 Iuniae
1659 1759 1907 1817 familiae
1943 1758 2216 1817 redditus.
2282 1776 2375 1816 ca·
2403 1776 2438 1821 2

367 1876 495 1916 sum
542 1858 662 1915 eius
710 1859 909 1934 paucis
959 1867 1233 1933 repetam.
1316 1867 1379 1915 ut
1420 1858 1610 1916 valida
1659 1858 1794 1916 divo
1834 1858 2100 1933 Augusto
2141 1858 2204 1914 in
2251 1875 2378 1915 rem

367 1957 659 2034 publicam
700 1956 945 2027 fortuna,
989 1956 1069 2014 ita
1112 1955 1269 2016 domi
1312 1957 1652 2034 inprospera
1693 1956 1797 2015 fuit
1844 1958 1923 2016 ob
1973 1956 2377 2033 inpudicitiam

365 2058 514 2115 filiae
551 2075 619 2115 ac
654 2057 857 2131 neptiS,
889 2074 1033 2132 quas
1072 2058 1210 2114 urbe
1250 2056 1468 2132 depulit
1505 2056 1911 2132 adulterosque
1951 2074 2149 2114 earum
2188 2065 2376 2114 morte

367 2164 462 2214 aut
489 2155 628 2231 fuga
656 2155 890 2231 punivit.
947 2173 1083 2212 nam
1114 2155 1346 2230 culpam
1374 2155 1522 2212 inter
1541 2154 1692 2213 viros
1721 2173 1788 2213 ac
1816 2153 2060 2212 feminas
2082 2154 2375 2230 vulgatam
2403 2172 2437 2217 3

289 2278 348 2312 20
365 2255 521 2330 gravi
584 2255 818 2313 nomine
876 2252 1161 2312 laesarum
1223 2253 1564 2328 religionum
1626 2271 1696 2311 ac
1754 2253 1994 2311 violatae
2057 2254 2376 2312 maiestatis

368 2353 714 2429 appellando
752 2352 1117 2411 clementiam
1154 2351 1440 2409 maiorum
1478 2369 1721 2427 suasque
1764 2352 1889 2428 ipse
1926 2352 2081 2428 leges
2116 2350 2378 2426 egredie-

367 2453 549 2509 batur.
635 2451 738 2509 sed
773 2451 1014 2511 aliorum
1052 2451 1255 2520 exitus,
1293 2450 1462 2507 simul
1497 2460 1688 2509 cetera
1724 2450 1871 2508 illius
1910 2451 2108 2508 aetatis
2147 2467 2379 2508 memo·
2405 2467 2442 2512 4

366 2552 524 2619 rabo,
565 2550 611 2607 si
655 2549 871 2608 effectis
913 2551 988 2608 inv
1016 2567 1164 2626 quae
1207 2548 1422 2607 tetendi
1464 2549 1657 2625 plures
1699 2548 1774 2607 ad
1817 2567 1982 2608 curas
2024 2549 2197 2606 vitam
2239 2567 2381 2624 pro-

368 2650 605 2708 duxer0.
676 2648 750 2706 D.
782 2648 1009 2707 Silanus
1037 2649 1098 2705 in
1127 2647 1287 2723 nepti
1315 2647 1566 2723 Augusti
1601 2647 1838 2718 adulter,
1868 2665 2223 2723 quamquam
2251 2665 2380 2706 non
2407 2664 2440 2710 5

291 2773 348 2821 25
367 2750 512 2807 ultra
546 2746 694 2806 foret
731 2749 1008 2807 saevitum
1041 2764 1215 2823 quam
1257 2757 1321 2803 ut
1363 2745 1614 2805 amicitia
1649 2743 1916 2804 Caesaris
1958 2744 2380 2822 prohiberetur,

367 2847 596 2904 exilium
645 2847 754 2905 sibi
799 2845 1178 2906 demonstrari
1227 2845 1521 2915 intellexit,
1565 2862 1675 2902 nec
1718 2845 1828 2903 nisi
1860 2843 2100 2903 Tiberio
2144 2845 2383 2920 imperi-

366 2955 522 3004 tante
564 2945 856 3022 deprecari
906 2955 1170 3004 senatum
1221 2962 1289 3002 ac
1339 2944 1660 3020 principem
1709 2961 1882 3001 ausus
1926 2953 2014 3002 est
2063 2943 2148 3002 M.
2196 2944 2382 3002 Silani

367 3043 549 3102 fratris
587 3045 859 3120 potentia,
891 3044 989 3120 qui
1031 3062 1133 3119 per
1172 3043 1460 3117 insignem
1503 3040 1861 3100 nobilitatem
1895 3052 1952 3100 et
1987 3042 2380 3118 eloquentiam

365 3143 760 3220 praecellebat.
811 3143 914 3201 sed
937 3141 1202 3200 Tiberius
1231 3141 1410 3217 gratis
1438 3141 1633 3216 agenti
1663 3139 1861 3200 Silano
1889 3141 2145 3216 patribus
2176 3160 2377 3200 coram
2406 3155 2472 3201 6·

289 3267 352 3314 30
369 3241 664 3318 respondit
691 3260 753 3301 se
783 3259 1012 3318 quoque
1046 3241 1262 3311 laetari,
1293 3240 1453 3316 quod
1480 3238 1654 3297 frater
1686 3239 1808 3297 eius
1846 3258 1878 3298 e
1912 3240 2381 3316 peregrinatione

369 3341 683 3416 longinqua
723 3341 1076 3412 revertisset3
1127 3339 1301 3414 idque
1343 3338 1463 3397 iure
1505 3338 1737 3411 licitum,
1783 3339 1918 3414 quia
1970 3357 2092 3397 non
2142 3348 2379 3398 senatus

371 3438 654 3510 consulto,
696 3458 817 3498 non
865 3439 991 3515 lege
1045 3438 1241 3515 pulsus
1286 3437 1472 3496 foret:
1531 3437 1639 3495 sibi
1684 3448 1882 3496 tamen
1924 3439 2198 3497 adversus
2241 3457 2378 3497 eum
2403 3454 2435 3502 7

371 3539 621 3610 integras
655 3536 904 3612 parentis
934 3537 1019 3595 sui
1049 3535 1424 3607 offensioneS,
1455 3553 1642 3612 neque
1673 3535 1857 3593 reditu
1890 3535 2067 3593 Silani
2098 3536 2378 3595 dissoluta
