2594 3925
150 277 267 319 ω).
295 254 401 339 ι5.]
748 265 980 314 LIBER
1019 266 1068 316 J.
1143 264 1300 315 cAP.
1337 268 1551 330 71-74·
1583 268 1586 271 ¹
2082 260 2157 334 83

151 424 293 482 sium
322 423 622 500 quendam
649 424 892 481 mimum
921 441 1169 500 corpore
1198 421 1475 481 infamem
1505 421 1852 497 adscivisset,
1882 424 2158 502 quodque

150 523 393 582 venditis
435 522 615 580 hortis
659 530 906 580 statuam
941 521 1190 597 Augusti
1231 521 1401 580 simul
1444 522 1847 598 mancipasset.
1936 523 2158 582 Rubrio

103 629 130 673 3
150 620 375 679 crimini
408 618 648 677 dabatur
685 619 960 677 violatum
993 619 1243 695 periurio
1278 635 1497 677 numen
1527 621 1789 695 Augusti.
1876 639 2023 697 quae
2056 623 2157 679 ubi

151 718 389 777 Tiberio
426 727 684 788 notuere,
715 718 939 794 scripsit
978 717 1315 776 consulibus
1353 735 1476 775 non
1514 718 1646 776 ideo
1680 718 1976 777 decretum
2012 721 2158 796 patri

150 833 254 874 suo
306 815 554 886 caelum,
605 823 669 873 ut
722 815 783 873 in
839 815 1157 891 perniciem
1213 816 1424 874 civium
1478 816 1528 875 is
1584 815 1776 875 honor
1830 827 2155 877 verteretur.
2181 842 2209 891 5

94 922 128 967 4
151 914 421 973 Cassium
463 913 800 972 histrionem
844 913 1080 972 solitum
1121 914 1268 972 inter
1310 915 1457 972 alios
1500 914 1762 973 eiusdem
1806 916 1941 973 artis
1981 916 2155 975 inter-

149 1030 277 1072 esse
321 1012 491 1082 ludis,
528 1030 674 1088 quos
704 1019 888 1070 mater
932 1029 1037 1070 sua
1077 1012 1138 1070 in
1171 1012 1513 1071 memoriam
1555 1014 1803 1090 Augusti
1841 1025 2124 1072 sacrasset
2139 1032 2158 1087 3

149 1129 257 1169 nec
301 1119 508 1169 contra
549 1110 855 1186 religiones
898 1110 1037 1179 fieri,
1078 1111 1239 1185 quod
1276 1111 1494 1188 effigies
1537 1112 1678 1182 eiuS,
1717 1120 1781 1170 ut
1815 1112 1932 1170 alia
1972 1113 2159 1170 numi-

148 1227 290 1266 num
320 1207 643 1278 simulacra,
671 1207 1097 1267 venditionibus
1126 1208 1427 1268 hortorum
1455 1219 1513 1267 et
1541 1209 1823 1268 domuum
1859 1211 2157 1271 accedant.

92 1315 124 1360 5
149 1307 236 1365 ius
264 1305 576 1364 iurandum
603 1305 844 1382 perinde
873 1306 1301 1365 aestimandum
1330 1325 1509 1385 quam
1532 1308 1580 1365 si
1600 1307 1805 1367 Iovem
1833 1307 2155 1368 fefellisset:
2180 1333 2241 1368 10

149 1405 398 1464 deorum
427 1404 662 1463 iniurias
691 1403 780 1461 dis
809 1422 998 1463 curae.

229 1507 335 1564 74.
378 1499 508 1560 Nec
552 1501 733 1560 multo
784 1512 918 1579 post
968 1502 1252 1562 Granium
1304 1503 1646 1564 Marcellum
1696 1515 2021 1583 praetorem
2063 1506 2159 1564 Bi-

147 1601 380 1676 thyniae
438 1609 708 1677 quaestor
755 1601 935 1676 ipsius
981 1599 1205 1677 Caepio
1255 1601 1558 1679 Crispinus
1604 1603 1912 1662 maiestatis
1962 1616 2163 1680 postu-

145 1699 299 1767 lavit,
331 1699 726 1757 subscribente
757 1697 1031 1756 Romano
1062 1698 1369 1776 Hispone:
1414 1701 1511 1776 qui
1550 1700 1799 1759 formam
1832 1703 1978 1760 vitae
2016 1703 2157 1774 iniit,

147 1814 329 1874 quam
356 1805 562 1873 postea
588 1796 877 1855 celebrem
911 1796 1173 1856 miseriae
1207 1808 1537 1874 temporum
1566 1809 1623 1857 et
1660 1799 1931 1858 audaciae
1972 1800 2156 1859 homi·
2181 1825 2246 1872 15¹

91 1903 122 1949 2
146 1913 292 1954 num
343 1893 619 1954 fecerunt.
710 1913 848 1952 nam
900 1912 1099 1972 egenS,
1143 1896 1395 1972 ignotuS,
1438 1896 1682 1973 inquieS‚
1734 1897 1873 1954 dum
1922 1898 2161 1957 occultis

147 1993 355 2052 libellis
413 1994 679 2052 saevitiae
739 1994 1020 2072 principis
1081 1995 1321 2070 adrepit,
1378 2012 1518 2052 mox
1583 1994 1899 2053 clarissimo
1956 1996 2161 2072 cuique

147 2091 474 2169 periculum
502 2091 746 2162 facessit,
775 2093 1099 2168 potentiam
1126 2094 1285 2169 apud
1312 2110 1514 2163 unum,
1544 2093 1744 2151 odium
1772 2093 1927 2168 apud
1969 2096 2159 2153 omnis

148 2189 400 2266 adeptus
437 2189 595 2248 dedit
632 2190 978 2267 exemplum,
1014 2191 1175 2266 quod
1214 2191 1395 2249 secuti
1438 2209 1511 2248 ex
1553 2191 1902 2266 pauperibus
1940 2190 2155 2263 diviteS‚

150 2308 223 2347 ex
267 2288 619 2364 contemptis
660 2288 954 2346 metuendi
1003 2288 1324 2365 perniciem
1370 2287 1494 2346 aliis
1535 2306 1605 2345 ac
1647 2299 2007 2363 postremum
2056 2291 2160 2348 sibi
2181 2314 2241 2348 20

93 2396 124 2441 3
150 2388 440 2446 invenere.
527 2385 633 2444 sed
681 2385 1025 2444 Marcellum
1074 2385 1439 2443 insimulabat
1489 2386 1751 2444 sinistros
1806 2385 1880 2444 de
1923 2385 2160 2445 Tiberio

151 2489 457 2543 sermones
499 2484 786 2555 habuisse,
817 2484 1143 2542 inevitabile
1181 2484 1417 2553 crimen,
1448 2474 1583 2541 cum
1618 2501 1690 2541 ex
1719 2484 1975 2541 moribus
2008 2485 2161 2560 prin·

152 2583 300 2660 cipis
355 2581 690 2641 foedissima
745 2600 1008 2659 quaeque
1053 2582 1330 2657 deligeret
1387 2591 1686 2640 accusator
1734 2582 2161 2659 obiectaretque

92 2690 128 2733 4
151 2699 273 2739 reo.
357 2698 497 2738 nam
534 2681 669 2756 quia
700 2698 834 2739 vera
867 2690 1046 2749 erant,
1076 2680 1249 2738 etiam
1278 2679 1434 2738 dicta
1462 2679 1859 2738 credebantur.
1945 2679 2162 2738 addidit

153 2777 350 2855 Hispo
381 2787 629 2837 statuam
658 2776 918 2837 Marcelli
959 2777 1124 2836 altius
1165 2795 1341 2853 quam
1384 2775 1701 2835 Caesarum
1744 2779 1929 2847 sitam,
1960 2788 2019 2835 et
2052 2778 2163 2836 alia
2184 2804 2240 2851 25

153 2878 213 2933 in
265 2886 454 2934 statua
496 2886 793 2952 amputato
837 2876 1023 2951 capite
1066 2876 1318 2950 Augusti
1360 2875 1612 2951 effigiem
1643 2874 1862 2933 Tiberii
1903 2874 2160 2934 inditam.

94 2983 127 3027 5
155 2974 230 3032 ad
273 2974 436 3051 quod
479 2974 686 3031 exarsit
728 2973 893 3044 adeo,
936 2981 999 3030 ut
1040 2981 1208 3049 rupta
1248 2973 1630 3031 taciturnitate
1675 2972 2058 3049 proclamaret
2100 2992 2163 3032 se

154 3089 390 3149 quoque
426 3072 489 3129 in
524 3089 597 3129 ea
645 3090 820 3130 causa
865 3071 1109 3128 laturum
1159 3070 1505 3129 sententiam
1555 3070 1748 3147 palam
1793 3081 1851 3127 et
1899 3072 2159 3143 iuratum,

95 3179 131 3224 6
156 3188 276 3245 quo
325 3169 530 3228 ceteris
579 3169 784 3227 eadem
833 3168 1147 3227 necessitas
1193 3167 1369 3227 fieret.
1455 3169 1771 3226 manebant
1820 3167 1993 3225 etiam
2037 3178 2160 3226 tum

154 3268 398 3344 vestigia
451 3268 750 3325 morientis
800 3266 1091 3324 libertatis,
1175 3266 1346 3341 igitur
1394 3265 1505 3325 Cn.
1556 3265 1692 3326 Piso
1742 3270 1757 3297 ‘
1777 3264 1926 3340 quo’
1975 3264 2160 3340 inquit
2180 3289 2245 3337 30

158 3370 172 3395 ‘
192 3366 327 3423 loco
370 3365 656 3435 censebis,
697 3363 950 3423 Caesar?
996 3365 1042 3422 si
1085 3363 1322 3439 primus,
1358 3362 1587 3421 habebo
1630 3362 1788 3439 quod
1831 3378 2069 3436 sequar:
2114 3363 2163 3420 si

96 3474 128 3521 ’1
157 3473 294 3539 post
322 3462 536 3533 omnis,
565 3480 767 3520 vereor
804 3480 878 3519 ne
912 3460 1228 3537 inprudens
1262 3456 1632 3519 dissentiam?
1715 3467 2011 3534 permotus
2052 3457 2158 3529 his,

155 3568 495 3635 quantoque
544 3558 826 3616 incautius
871 3558 1185 3628 efferverat‚
1230 3558 1582 3634 paenitentia
1625 3557 1848 3633 patiens
1890 3555 2014 3613 tulit
2056 3558 2157 3615 ab·

1134 3674 1171 3714 G
1216 3674 1267 3711 a·
