2594 3925
474 225 588 281 160
917 228 1280 281 CORNELII
1320 229 1410 279 TA
1421 229 1583 279 επ]
1613 230 2038 297 ANNALJUM
2126 217 2332 303 [nnc.
2357 244 2490 298 775·

552 395 655 448 64.
703 388 822 447 Sub
875 388 1032 447 idem
1090 396 1320 463 tempus
1389 385 1568 445 Iuliae
1622 387 1920 464 Augustae
1976 389 2240 449 valetudo
2307 399 2486 448 atrox

469 490 948 548 necessitudinem
989 487 1236 565 principi
1278 486 1411 545 fecit
1452 486 1701 546 festinati
1743 488 1803 546 in
1844 490 2049 548 urbem
2090 490 2322 561 redituS‚
2354 493 2483 548 sin-

468 606 597 647 cera
640 587 827 646 adhuc
874 588 1018 645 inter
1064 596 1309 644 matrem
1354 585 1650 662 filiumque
1697 588 2013 647 concordia
2063 589 2179 648 sive
2232 590 2485 648 occultis

466 686 632 743 odiis.
714 703 904 763 neque
958 685 1114 743 enim
1169 683 1353 742 multo
1402 693 1553 755 ante,
1596 702 1731 742 cum
1784 685 1940 744 haud
1994 686 2196 763 procul
2248 686 2483 745 theatro
2513 698 2550 742 2

413 806 440 856 5
465 784 722 843 Marcelli
750 784 997 860 effigiem
1028 783 1159 843 divo
1181 782 1446 858 Augusto
1470 781 1618 840 Iulia
1640 783 1863 854 dicaret,
1896 784 2093 842 Tiberi
2116 802 2336 843 nomen
2367 802 2482 842 suo

464 883 916 959 postscripserat,
975 881 1149 958 idque
1205 881 1300 939 ille
1362 880 1697 939 credebatur
1752 891 1815 940 ut
1867 881 2106 941 inferius
2169 884 2483 942 maiestate

462 981 733 1057 principis
774 979 930 1057 gravi
967 989 1025 1039 et
1064 979 1421 1038 dissimulata
1463 979 1789 1038 offensione
1831 957 2134 1039 abdidisse.
2220 991 2309 1039 set
2351 991 2483 1038 tum
2512 993 2547 1038 3

462 1078 738 1156 supplicia
792 1077 882 1136 dis
936 1077 1169 1155 ludique
1228 1077 1428 1151 magni
1484 1077 1561 1135 ab
1607 1087 1809 1138 senatu
1865 1077 2264 1150 decernuntur,
2325 1096 2481 1155 quos

461 1177 765 1253 pontifices
806 1186 863 1235 et
905 1194 1150 1253 augures
1198 1185 1256 1234 et
1302 1174 1741 1252 quindecimviri
1788 1177 2149 1252 septemviris
2200 1177 2375 1234 simul
2419 1185 2481 1234 et

387 1300 445 1334 10
463 1275 754 1334 sodalibus
802 1275 1208 1351 Augustalibus
1253 1273 1506 1333 ederent.
1591 1284 1894 1333 censuerat
1949 1273 2013 1332 L
2062 1275 2364 1350 Apronius
2413 1283 2476 1332 ut
2503 1287 2540 1332 4

460 1373 680 1433 fetiales
730 1391 963 1450 quoque
1011 1374 1079 1432 iis
1124 1373 1271 1431 ludis
1318 1371 1726 1449 praesiderent.
1810 1382 2012 1432 contra
2055 1372 2196 1430 dixit
2240 1371 2474 1442 Caesar,

463 1471 732 1531 distincto
761 1471 1213 1531 sacerdotiorum
1234 1472 1355 1529 iure
1377 1480 1435 1529 et
1451 1472 1703 1548 repetitis
1733 1472 2013 1548 exemplis
2044 1490 2058 1530 ε
2099 1489 2293 1548 neque
2314 1471 2473 1529 enim

461 1587 737 1646 umquam
794 1569 1076 1628 fetialibus
1125 1569 1238 1628 hoc
1283 1568 1600 1627 maiestatis
1658 1568 1851 1629 fuisse.
1934 1568 2067 1628 ideo
2122 1569 2473 1644 Augustales
2500 1582 2532 1627 5

464 1669 736 1739 adiectoS,
780 1669 916 1745 quia
956 1669 1257 1745 proprium
1297 1668 1420 1726 eius
1470 1666 1678 1725 domus
1722 1667 2109 1728 sacerdotium
2150 1676 2322 1739 esset,
2366 1684 2473 1743 pro

389 1789 444 1839 15
466 1786 580 1845 qua
606 1778 737 1827 vota
764 1768 1237 1844 persolverentur.

546 1873 649 1927 65.
695 1865 955 1943 Exsequi
1020 1864 1331 1925 sententias
1392 1864 1549 1924 haud
1613 1865 1827 1924 institui
1883 1863 1993 1923 nisi
2056 1864 2315 1939 insignes
2371 1881 2476 1940 per

465 1966 775 2026 honestum
820 1975 918 2024 aut
965 1964 1204 2024 notabili
1250 1965 1554 2035 dedecore,
1605 1965 1762 2041 quod
1817 1964 2192 2040 praecipuum
2256 1981 2473 2022 munus

464 2066 761 2125 annalium
787 2083 933 2137 reor,
965 2083 1040 2123 ne
1074 2065 1309 2122 virtutes
1338 2063 1623 2133 sileantur,
1650 2073 1828 2139 utque
1867 2063 2057 2139 pravis
2085 2062 2252 2121 dictis
2282 2063 2472 2122 factis-

464 2183 578 2241 que
620 2182 694 2223 ex
741 2165 1073 2241 posteritate
1116 2172 1174 2222 et
1215 2162 1454 2221 infamia
1494 2173 1687 2220 metus
1730 2163 1820 2220 sit.
1907 2169 2160 2221 ceterum
2205 2171 2471 2239 tempora
2498 2182 2529 2225 a

288 2292 297 2296 ·
388 2263 561 2324 aoilla
601 2263 748 2323 adeo
788 2261 998 2321 infecta
1040 2270 1097 2320 et
1137 2260 1468 2319 adulatione
1512 2259 1747 2319 sordida
1788 2259 1962 2332 fuere,
2006 2270 2069 2318 ut
2118 2278 2242 2319 non
2291 2263 2468 2320 modo

464 2362 746 2438 primores
788 2360 1042 2430 civitatis,
1074 2359 1284 2436 quibus
1323 2358 1603 2418 claritudo
1639 2376 1743 2418 sua
1784 2358 2080 2437 obsequiis
2108 2360 2470 2436 protegenda

464 2469 600 2529 erat,
631 2459 735 2518 sed
775 2477 982 2518 omnes
1024 2460 1370 2528 consulareS,
1412 2476 1629 2535 magna
1664 2476 1799 2534 pars
1826 2476 2029 2517 eorum
2060 2458 2161 2534 qui
2204 2469 2468 2535 praetura

465 2558 664 2629 functi,
691 2556 968 2635 multique
996 2557 1169 2616 etiam
1197 2556 1414 2632 pedarii
1458 2566 1754 2616 senatores
1798 2558 2055 2616 certatim
2095 2566 2471 2633 exsurgerent

464 2656 752 2733 foedaque
780 2666 839 2714 et
874 2656 1054 2714 nimia
1092 2664 1411 2715 censerent.
1496 2657 1812 2715 memoriae
1856 2657 2118 2732 proditur
2145 2655 2466 2724 Tiberium,
2493 2672 2521 2716 3

387 2780 411 2814 2
418 2777 446 2828 5
466 2755 734 2832 quotiens
781 2754 937 2812 curia
985 2754 1369 2830 egrederetur,
1415 2752 1656 2812 Graecis
1690 2754 1875 2812 verbis
1925 2754 1989 2810 in
2029 2753 2184 2812 hunc
2226 2754 2467 2813 modum

465 2854 656 2931 eloqui
700 2851 928 2910 solitum
973 2855 989 2883 ‘
1009 2869 1048 2910 o
1089 2851 1358 2910 homines
1400 2853 1477 2910 ad
1520 2852 1846 2911 servitutem
1887 2844 2120 2927 parato's
2145 2848 2186 2908 1’
2256 2853 2470 2911 scilicet
2488 2868 2521 2913 4

464 2954 638 3012 etiam
683 2951 861 3022 illum,
910 2951 1008 3026 qui
1053 2950 1373 3009 libertatem
1421 2951 1714 3026 publicam
1767 2950 1956 3021 nollet,
1986 2930 2156 3014 ,tam'
2177 2952 2466 3027 proiectae

466 3051 828 3111 servientium
856 3050 1163 3125 patientiae
1192 3051 1476 3109 taedebat.

546 3157 649 3209 66.
693 3147 977 3207 Paulatim
1019 3147 1227 3207 dehinc
1269 3150 1345 3206 ab
1385 3149 1672 3209 indecoris
1716 3148 1790 3207 ad
1831 3147 2038 3207 infesta
2079 3149 2462 3224 transgredie-

385 3275 450 3323 30
465 3252 689 3309 bantur.
772 3246 841 3306 C.
901 3245 1159 3304 Silanum
1213 3264 1320 3321 pro
1376 3248 1610 3306 consule
1672 3248 1866 3318 Asiae,
1924 3246 2379 3323 repetundarum
2434 3267 2468 3307 a
2488 3262 2517 3308 8

467 3349 639 3407 sociis
665 3345 1035 3423 postulatum,
1067 3342 1402 3403 Mamercus
1448 3345 1697 3405 Scaurus
1740 3365 1773 3404 e
1816 3345 2234 3415 consularibuS,
2267 3344 2466 3405 Iunius

468 3446 626 3506 Otho
653 3454 898 3520 praetor,
929 3441 1257 3501 Bruttedius
1286 3442 1469 3519 Niger
1497 3444 1697 3503 aedilis
1726 3444 1894 3502 simul
1923 3444 2241 3519 corripiunt
2270 3445 2464 3502 obiec-

467 3551 703 3618 tantque
723 3542 995 3600 violatum
1024 3541 1271 3617 Augusti
1303 3559 1536 3613 numen,
1566 3551 1821 3616 spretam
1843 3540 2061 3599 Tiberii
2089 3540 2460 3607 maiestatem,
