<?xml version="1.0" encoding="UTF-8"?>
<!DOCTYPE html PUBLIC "-//W3C//DTD XHTML 1.0 Transitional//EN"
    "http://www.w3.org/TR/xhtml1/DTD/xhtml1-transitional.dtd">
<html xmlns="http://www.w3.org/1999/xhtml" xml:lang="en" lang="en">
 <head>
  <title>
</title>
<meta http-equiv="Content-Type" content="text/html;charset=utf-8" />
  <meta name='ocr-system' content='tesseract 3.04.00' />
  <meta name='ocr-capabilities' content='ocr_page ocr_carea ocr_par ocr_line ocrx_word'/>
</head>
<body>
  <div class='ocr_page' id='page_1' title='image "./annalium00tacigoog_0183.png"; bbox 0 0 2594 3925; ppageno 0'>
   <div class='ocr_carea' id='block_1_1' title="bbox 214 225 2217 312">
    <p class='ocr_par' dir='ltr' id='par_1_1' title="bbox 214 225 2217 312">
     <span class='ocr_line' id='line_1_1' title="bbox 214 225 2217 312; baseline -0.001 -22"><span class='ocrx_word' id='word_1_1' title='bbox 214 251 332 291; x_wconf 63' lang='grc' dir='ltr'><strong>ω).</strong></span> <span class='ocrx_word' id='word_1_2' title='bbox 372 225 480 312; x_wconf 56' lang='grc'><strong>23]</strong></span> <span class='ocrx_word' id='word_1_3' title='bbox 825 240 1056 290; x_wconf 81' lang='lat' dir='ltr'><em>LIBER</em></span> <span class='ocrx_word' id='word_1_4' title='bbox 1097 240 1195 289; x_wconf 81' lang='lat' dir='ltr'><strong>JV.</strong></span> <span class='ocrx_word' id='word_1_5' title='bbox 1266 240 1416 289; x_wconf 85' lang='lat' dir='ltr'><em>CAP.</em></span> <span class='ocrx_word' id='word_1_6' title='bbox 1465 234 1595 289; x_wconf 87' lang='lat'><strong>2-6.</strong></span> <span class='ocrx_word' id='word_1_7' title='bbox 2106 231 2217 306; x_wconf 88' lang='lat'><strong>169</strong></span> 
     </span>
    </p>
   </div>
   <div class='ocr_carea' id='block_1_2' title="bbox 145 397 2301 3620">
    <p class='ocr_par' dir='ltr' id='par_1_2' title="bbox 205 397 2217 769">
     <span class='ocr_line' id='line_1_2' title="bbox 213 397 2217 476; baseline -0.001 -18"><span class='ocrx_word' id='word_1_8' title='bbox 213 398 545 476; x_wconf 88' lang='lat' dir='ltr'><strong>provincias</strong></span> <span class='ocrx_word' id='word_1_9' title='bbox 610 398 916 457; x_wconf 90' lang='lat' dir='ltr'><strong>consilium</strong></span> <span class='ocrx_word' id='word_1_10' title='bbox 978 397 1233 457; x_wconf 87' lang='lat' dir='ltr'><strong>refertur.</strong></span> <span class='ocrx_word' id='word_1_11' title='bbox 1330 397 1755 457; x_wconf 88' lang='lat' dir='ltr'><strong>multitudinem</strong></span> <span class='ocrx_word' id='word_1_12' title='bbox 1817 408 2217 458; x_wconf 86' lang='lat' dir='ltr'><strong>veteranorum</strong></span> 
     </span>
     <span class='ocr_line' id='line_1_3' title="bbox 210 495 2216 573; baseline -0 -17"><span class='ocrx_word' id='word_1_13' title='bbox 210 497 590 573; x_wconf 85' lang='lat' dir='ltr'>praetexebat</span> <span class='ocrx_word' id='word_1_14' title='bbox 644 496 954 573; x_wconf 89' lang='lat' dir='ltr'><strong>imperator</strong></span> <span class='ocrx_word' id='word_1_15' title='bbox 1008 504 1067 555; x_wconf 91' lang='lat' dir='ltr'><strong>et</strong></span> <span class='ocrx_word' id='word_1_16' title='bbox 1126 495 1427 554; x_wconf 87' lang='lat' dir='ltr'><strong>dilectibus</strong></span> <span class='ocrx_word' id='word_1_17' title='bbox 1482 496 1838 571; x_wconf 89' lang='lat' dir='ltr'><strong>supplendos</strong></span> <span class='ocrx_word' id='word_1_18' title='bbox 1893 498 2216 556; x_wconf 85' lang='lat' dir='ltr'><strong>exercitus:</strong></span> 
     </span>
     <span class='ocr_line' id='line_1_4' title="bbox 206 593 2216 669; baseline -0 -16"><span class='ocrx_word' id='word_1_19' title='bbox 206 614 348 655; x_wconf 89' lang='lat' dir='ltr'><strong>nam</strong></span> <span class='ocrx_word' id='word_1_20' title='bbox 378 596 770 654; x_wconf 87' lang='lat' dir='ltr'><strong>voluntarium</strong></span> <span class='ocrx_word' id='word_1_21' title='bbox 796 593 1035 653; x_wconf 89' lang='lat' dir='ltr'><strong>militem</strong></span> <span class='ocrx_word' id='word_1_22' title='bbox 1064 594 1284 665; x_wconf 84' lang='lat' dir='ltr'><strong>deesse,</strong></span> <span class='ocrx_word' id='word_1_23' title='bbox 1315 612 1384 653; x_wconf 92' lang='lat' dir='ltr'><strong>ac</strong></span> <span class='ocrx_word' id='word_1_24' title='bbox 1413 595 1460 653; x_wconf 91' lang='lat' dir='ltr'><strong>si</strong></span> <span class='ocrx_word' id='word_1_25' title='bbox 1489 594 1830 669; x_wconf 83' lang='lat' dir='ltr'><strong>suppeditet,</strong></span> <span class='ocrx_word' id='word_1_26' title='bbox 1860 614 1984 654; x_wconf 91' lang='lat' dir='ltr'><strong>non</strong></span> <span class='ocrx_word' id='word_1_27' title='bbox 2011 595 2216 654; x_wconf 89' lang='lat' dir='ltr'><strong>eadem</strong></span> 
     </span>
     <span class='ocr_line' id='line_1_5' title="bbox 205 692 2216 769; baseline -0.001 -17"><span class='ocrx_word' id='word_1_28' title='bbox 205 694 419 752; x_wconf 88' lang='lat' dir='ltr'><strong>virtute</strong></span> <span class='ocrx_word' id='word_1_29' title='bbox 462 711 535 752; x_wconf 90' lang='lat' dir='ltr'><strong>ac</strong></span> <span class='ocrx_word' id='word_1_30' title='bbox 578 692 867 752; x_wconf 81' lang='lat' dir='ltr'><strong>modestia</strong></span> <span class='ocrx_word' id='word_1_31' title='bbox 915 710 1106 769; x_wconf 90' lang='lat' dir='ltr'><strong>agere,</strong></span> <span class='ocrx_word' id='word_1_32' title='bbox 1151 693 1289 769; x_wconf 90' lang='lat' dir='ltr'><strong>quia</strong></span> <span class='ocrx_word' id='word_1_33' title='bbox 1333 692 1671 768; x_wconf 92' lang='lat' dir='ltr'><strong>plerumque</strong></span> <span class='ocrx_word' id='word_1_34' title='bbox 1718 694 1925 768; x_wconf 90' lang='lat' dir='ltr'><strong>inopes</strong></span> <span class='ocrx_word' id='word_1_35' title='bbox 1967 712 2036 751; x_wconf 88' lang='lat' dir='ltr'><strong>ac</strong></span> <span class='ocrx_word' id='word_1_36' title='bbox 2087 693 2216 769; x_wconf 88' lang='lat' dir='ltr'><strong>vagi</strong></span> 
     </span>
    </p>

    <p class='ocr_par' dir='ltr' id='par_1_3' title="bbox 148 792 2267 874">
     <span class='ocr_line' id='line_1_6' title="bbox 148 792 2267 868; baseline -0 -19"><span class='ocrx_word' id='word_1_37' title='bbox 148 804 179 849; x_wconf 88' lang='lat'><strong>5</strong></span> <span class='ocrx_word' id='word_1_38' title='bbox 204 802 423 868; x_wconf 89' lang='lat' dir='ltr'><strong>sponte</strong></span> <span class='ocrx_word' id='word_1_39' title='bbox 484 792 748 852; x_wconf 85' lang='lat' dir='ltr'><strong>militiam</strong></span> <span class='ocrx_word' id='word_1_40' title='bbox 802 800 1048 850; x_wconf 88' lang='lat' dir='ltr'><strong>sumant.</strong></span> <span class='ocrx_word' id='word_1_41' title='bbox 1147 792 1591 868; x_wconf 89' lang='lat' dir='ltr'><strong>percensuitque</strong></span> <span class='ocrx_word' id='word_1_42' title='bbox 1645 792 1856 850; x_wconf 89' lang='lat' dir='ltr'><strong>cursim</strong></span> <span class='ocrx_word' id='word_1_43' title='bbox 1912 809 2216 849; x_wconf 90' lang='lat' dir='ltr'><strong>numerum</strong></span> <span class='ocrx_word' id='word_1_44' title='bbox 2240 815 2267 862; x_wconf 86' lang='lat'>5</span> 
     </span>
    </p>

    <p class='ocr_par' dir='ltr' id='par_1_4' title="bbox 147 889 2219 1164">
     <span class='ocr_line' id='line_1_7' title="bbox 147 889 2217 968; baseline 0.001 -22"><span class='ocrx_word' id='word_1_45' title='bbox 147 900 182 946; x_wconf 79' lang='grc' dir='ltr'>θ</span> <span class='ocrx_word' id='word_1_46' title='bbox 202 890 514 967; x_wconf 90' lang='lat' dir='ltr'><strong>legionum</strong></span> <span class='ocrx_word' id='word_1_47' title='bbox 550 901 609 950; x_wconf 91' lang='lat' dir='ltr'><strong>et</strong></span> <span class='ocrx_word' id='word_1_48' title='bbox 641 908 787 967; x_wconf 91' lang='lat' dir='ltr'><strong>quas</strong></span> <span class='ocrx_word' id='word_1_49' title='bbox 824 890 1152 968; x_wconf 90' lang='lat' dir='ltr'><strong>provincias</strong></span> <span class='ocrx_word' id='word_1_50' title='bbox 1193 899 1527 950; x_wconf 87' lang='lat' dir='ltr'><strong>tutarentur.</strong></span> <span class='ocrx_word' id='word_1_51' title='bbox 1611 890 1770 966; x_wconf 93' lang='lat' dir='ltr'><strong>quod</strong></span> <span class='ocrx_word' id='word_1_52' title='bbox 1805 889 1944 948; x_wconf 90' lang='lat' dir='ltr'><strong>mihi</strong></span> <span class='ocrx_word' id='word_1_53' title='bbox 1983 907 2217 965; x_wconf 93' lang='lat' dir='ltr'><strong>quoque</strong></span> 
     </span>
     <span class='ocr_line' id='line_1_8' title="bbox 203 987 2219 1066; baseline -0 -20"><span class='ocrx_word' id='word_1_54' title='bbox 203 987 652 1066; x_wconf 87' lang='lat' dir='ltr'><strong>exsequendum</strong></span> <span class='ocrx_word' id='word_1_55' title='bbox 692 1007 839 1059; x_wconf 87' lang='lat' dir='ltr'><strong>reor,</strong></span> <span class='ocrx_word' id='word_1_56' title='bbox 882 1007 1031 1065; x_wconf 89' lang='lat' dir='ltr'><strong>quae</strong></span> <span class='ocrx_word' id='word_1_57' title='bbox 1072 998 1210 1048; x_wconf 89' lang='lat' dir='ltr'><strong>tunc</strong></span> <span class='ocrx_word' id='word_1_58' title='bbox 1253 989 1530 1048; x_wconf 88' lang='lat' dir='ltr'><strong>Romana</strong></span> <span class='ocrx_word' id='word_1_59' title='bbox 1572 988 1744 1065; x_wconf 90' lang='lat' dir='ltr'><strong>copia</strong></span> <span class='ocrx_word' id='word_1_60' title='bbox 1786 989 1848 1046; x_wconf 93' lang='lat' dir='ltr'><strong>in</strong></span> <span class='ocrx_word' id='word_1_61' title='bbox 1889 988 2077 1059; x_wconf 87' lang='lat' dir='ltr'><strong>armis,</strong></span> <span class='ocrx_word' id='word_1_62' title='bbox 2121 988 2219 1065; x_wconf 93' lang='lat' dir='ltr'><strong>qui</strong></span> 
     </span>
     <span class='ocr_line' id='line_1_9' title="bbox 202 1086 1700 1164; baseline 0 -18"><span class='ocrx_word' id='word_1_63' title='bbox 202 1087 354 1146; x_wconf 88' lang='lat' dir='ltr'><strong>socii</strong></span> <span class='ocrx_word' id='word_1_64' title='bbox 390 1105 576 1164; x_wconf 80' lang='lat' dir='ltr'><strong>regeS,</strong></span> <span class='ocrx_word' id='word_1_65' title='bbox 606 1096 825 1163; x_wconf 90' lang='lat' dir='ltr'><strong>quanto</strong></span> <span class='ocrx_word' id='word_1_66' title='bbox 860 1087 935 1145; x_wconf 89' lang='lat' dir='ltr'><strong>sit</strong></span> <span class='ocrx_word' id='word_1_67' title='bbox 966 1087 1268 1163; x_wconf 88' lang='lat' dir='ltr'><strong>angustius</strong></span> <span class='ocrx_word' id='word_1_68' title='bbox 1301 1086 1700 1164; x_wconf 84' lang='lat' dir='ltr'><strong>imperitatum.</strong></span> 
     </span>
    </p>

    <p class='ocr_par' dir='ltr' id='par_1_5' title="bbox 204 1184 2299 1457">
     <span class='ocr_line' id='line_1_10' title="bbox 287 1184 2219 1262; baseline 0 -19"><span class='ocrx_word' id='word_1_69' title='bbox 287 1191 351 1243; x_wconf 84' lang='lat'><strong>5.</strong></span> <span class='ocrx_word' id='word_1_70' title='bbox 400 1184 630 1243; x_wconf 88' lang='lat' dir='ltr'><strong>Italiam</strong></span> <span class='ocrx_word' id='word_1_71' title='bbox 668 1194 913 1262; x_wconf 88' lang='lat' dir='ltr'><strong>utroque</strong></span> <span class='ocrx_word' id='word_1_72' title='bbox 958 1185 1102 1244; x_wconf 88' lang='lat' dir='ltr'><strong>mari</strong></span> <span class='ocrx_word' id='word_1_73' title='bbox 1150 1184 1302 1244; x_wconf 90' lang='lat' dir='ltr'><strong>duae</strong></span> <span class='ocrx_word' id='word_1_74' title='bbox 1350 1186 1581 1256; x_wconf 81' lang='lat' dir='ltr'><strong>classeS‚</strong></span> <span class='ocrx_word' id='word_1_75' title='bbox 1626 1184 1924 1244; x_wconf 88' lang='lat' dir='ltr'><strong>Misenum</strong></span> <span class='ocrx_word' id='word_1_76' title='bbox 1966 1184 2120 1261; x_wconf 90' lang='lat' dir='ltr'><strong>apud</strong></span> <span class='ocrx_word' id='word_1_77' title='bbox 2162 1193 2219 1243; x_wconf 92' lang='lat' dir='ltr'><strong>et</strong></span> 
     </span>
     <span class='ocr_line' id='line_1_11' title="bbox 204 1281 2299 1360; baseline 0 -21"><span class='ocrx_word' id='word_1_78' title='bbox 204 1281 574 1355; x_wconf 87' lang='lat' dir='ltr'><strong>Ravennam,</strong></span> <span class='ocrx_word' id='word_1_79' title='bbox 619 1284 1065 1360; x_wconf 86' lang='lat' dir='ltr'><strong>proximumque</strong></span> <span class='ocrx_word' id='word_1_80' title='bbox 1107 1281 1333 1342; x_wconf 86' lang='lat' dir='ltr'><strong>Galliae</strong></span> <span class='ocrx_word' id='word_1_81' title='bbox 1361 1283 1495 1342; x_wconf 89' lang='lat' dir='ltr'><strong>litus</strong></span> <span class='ocrx_word' id='word_1_82' title='bbox 1527 1291 1809 1342; x_wconf 85' lang='lat' dir='ltr'><strong>rostratae</strong></span> <span class='ocrx_word' id='word_1_83' title='bbox 1841 1301 2017 1342; x_wconf 88' lang='lat' dir='ltr'><strong>naves</strong></span> <span class='ocrx_word' id='word_1_84' title='bbox 2051 1301 2216 1359; x_wconf 88' lang='lat' dir='ltr'><strong>prae·</strong></span> <span class='ocrx_word' id='word_1_85' title='bbox 2242 1306 2299 1340; x_wconf 91' lang='lat'><strong>10</strong></span> 
     </span>
     <span class='ocr_line' id='line_1_12' title="bbox 205 1380 2217 1457; baseline 0 -19"><span class='ocrx_word' id='word_1_86' title='bbox 205 1381 495 1452; x_wconf 88' lang='lat' dir='ltr'><strong>sidebant,</strong></span> <span class='ocrx_word' id='word_1_87' title='bbox 535 1398 680 1457; x_wconf 89' lang='lat' dir='ltr'><strong>quas</strong></span> <span class='ocrx_word' id='word_1_88' title='bbox 711 1380 955 1440; x_wconf 91' lang='lat' dir='ltr'><strong>Actiaca</strong></span> <span class='ocrx_word' id='word_1_89' title='bbox 988 1381 1228 1440; x_wconf 89' lang='lat' dir='ltr'><strong>victoria</strong></span> <span class='ocrx_word' id='word_1_90' title='bbox 1263 1390 1467 1457; x_wconf 90' lang='lat' dir='ltr'><strong>captas</strong></span> <span class='ocrx_word' id='word_1_91' title='bbox 1506 1380 1804 1457; x_wconf 88' lang='lat' dir='ltr'><strong>Augustus</strong></span> <span class='ocrx_word' id='word_1_92' title='bbox 1842 1382 1902 1439; x_wconf 90' lang='lat' dir='ltr'><strong>in</strong></span> <span class='ocrx_word' id='word_1_93' title='bbox 1935 1381 2217 1456; x_wconf 89' lang='lat' dir='ltr'><strong>oppidum</strong></span> 
     </span>
    </p>

    <p class='ocr_par' dir='ltr' id='par_1_6' title="bbox 145 1474 2295 1849">
     <span class='ocr_line' id='line_1_13' title="bbox 145 1474 2218 1556; baseline 0.002 -24"><span class='ocrx_word' id='word_1_94' title='bbox 145 1486 180 1531; x_wconf 79' lang='lat'><strong>2</strong></span> <span class='ocrx_word' id='word_1_95' title='bbox 204 1478 613 1552; x_wconf 72' lang='lat' dir='ltr'><strong>Foroiuliense</strong></span> <span class='ocrx_word' id='word_1_96' title='bbox 658 1480 893 1539; x_wconf 89' lang='lat' dir='ltr'><strong>miserat</strong></span> <span class='ocrx_word' id='word_1_97' title='bbox 948 1479 1138 1539; x_wconf 86' lang='lat' dir='ltr'><strong>valido</strong></span> <span class='ocrx_word' id='word_1_98' title='bbox 1189 1497 1325 1539; x_wconf 90' lang='lat' dir='ltr'><strong>cum</strong></span> <span class='ocrx_word' id='word_1_99' title='bbox 1374 1474 1612 1556; x_wconf 85' lang='lat' dir='ltr'><strong>remige.</strong></span> <span class='ocrx_word' id='word_1_100' title='bbox 1696 1480 1797 1538; x_wconf 91' lang='lat' dir='ltr'><strong>sed</strong></span> <span class='ocrx_word' id='word_1_101' title='bbox 1845 1479 2218 1555; x_wconf 89' lang='lat' dir='ltr'><strong>praecipuum</strong></span> 
     </span>
     <span class='ocr_line' id='line_1_14' title="bbox 205 1575 2216 1660; baseline 0 -27"><span class='ocrx_word' id='word_1_102' title='bbox 205 1577 386 1634; x_wconf 90' lang='lat' dir='ltr'><strong>robur</strong></span> <span class='ocrx_word' id='word_1_103' title='bbox 420 1575 698 1635; x_wconf 90' lang='lat' dir='ltr'><strong>Rhenum</strong></span> <span class='ocrx_word' id='word_1_104' title='bbox 725 1578 900 1648; x_wconf 85' lang='lat' dir='ltr'><strong>iuxta,</strong></span> <span class='ocrx_word' id='word_1_105' title='bbox 929 1595 1244 1636; x_wconf 89' lang='lat' dir='ltr'><strong>commune</strong></span> <span class='ocrx_word' id='word_1_106' title='bbox 1273 1579 1335 1635; x_wconf 91' lang='lat' dir='ltr'><strong>in</strong></span> <span class='ocrx_word' id='word_1_107' title='bbox 1366 1577 1697 1660; x_wconf 83' lang='lat' dir='ltr'><strong>Germanos</strong></span> <span class='ocrx_word' id='word_1_108' title='bbox 1727 1577 2043 1653; x_wconf 85' lang='lat' dir='ltr'><strong>Gallosque</strong></span> <span class='ocrx_word' id='word_1_109' title='bbox 2083 1578 2216 1636; x_wconf 93' lang='lat' dir='ltr'><strong>sub-</strong></span> 
     </span>
     <span class='ocr_line' id='line_1_15' title="bbox 206 1674 2216 1753; baseline -0.001 -18"><span class='ocrx_word' id='word_1_110' title='bbox 206 1675 442 1747; x_wconf 88' lang='lat' dir='ltr'><strong>sidium,</strong></span> <span class='ocrx_word' id='word_1_111' title='bbox 486 1685 622 1734; x_wconf 92' lang='lat' dir='ltr'><strong>octo</strong></span> <span class='ocrx_word' id='word_1_112' title='bbox 663 1675 924 1751; x_wconf 86' lang='lat' dir='ltr'><strong>legiones</strong></span> <span class='ocrx_word' id='word_1_113' title='bbox 965 1685 1146 1734; x_wconf 89' lang='lat' dir='ltr'><strong>erant.</strong></span> <span class='ocrx_word' id='word_1_114' title='bbox 1232 1674 1560 1753; x_wconf 87' lang='lat' dir='ltr'><strong>Hispaniae</strong></span> <span class='ocrx_word' id='word_1_115' title='bbox 1605 1693 1810 1734; x_wconf 90' lang='lat' dir='ltr'><strong>recens</strong></span> <span class='ocrx_word' id='word_1_116' title='bbox 1857 1676 2216 1751; x_wconf 89' lang='lat' dir='ltr'><strong>perdomitae</strong></span> 
     </span>
     <span class='ocr_line' id='line_1_16' title="bbox 206 1773 2295 1849; baseline 0 -19"><span class='ocrx_word' id='word_1_117' title='bbox 206 1773 392 1831; x_wconf 91' lang='lat' dir='ltr'><strong>tribus</strong></span> <span class='ocrx_word' id='word_1_118' title='bbox 461 1774 835 1832; x_wconf 87' lang='lat' dir='ltr'><strong>habebantur.</strong></span> <span class='ocrx_word' id='word_1_119' title='bbox 936 1773 1180 1833; x_wconf 88' lang='lat' dir='ltr'><strong>Mauros</strong></span> <span class='ocrx_word' id='word_1_120' title='bbox 1249 1773 1400 1832; x_wconf 89' lang='lat' dir='ltr'><strong>Iuba</strong></span> <span class='ocrx_word' id='word_1_121' title='bbox 1459 1792 1564 1833; x_wconf 88' lang='lat' dir='ltr'><strong>rex</strong></span> <span class='ocrx_word' id='word_1_122' title='bbox 1632 1783 1936 1849; x_wconf 84' lang='lat' dir='ltr'><strong>acceperat</strong></span> <span class='ocrx_word' id='word_1_123' title='bbox 1995 1774 2216 1833; x_wconf 90' lang='lat' dir='ltr'><strong>donum</strong></span> <span class='ocrx_word' id='word_1_124' title='bbox 2240 1797 2295 1845; x_wconf 90' lang='lat'><strong>15</strong></span> 
     </span>
    </p>

    <p class='ocr_par' dir='ltr' id='par_1_7' title="bbox 148 1870 2301 2342">
     <span class='ocr_line' id='line_1_17' title="bbox 148 1870 2218 1949; baseline -0.001 -17"><span class='ocrx_word' id='word_1_125' title='bbox 148 1885 185 1932; x_wconf 78' lang='lat'><em>4</em></span> <span class='ocrx_word' id='word_1_126' title='bbox 208 1870 413 1946; x_wconf 89' lang='lat' dir='ltr'><strong>populi</strong></span> <span class='ocrx_word' id='word_1_127' title='bbox 465 1870 734 1930; x_wconf 88' lang='lat' dir='ltr'><strong>Romani.</strong></span> <span class='ocrx_word' id='word_1_128' title='bbox 820 1881 1011 1931; x_wconf 88' lang='lat' dir='ltr'><strong>cetera</strong></span> <span class='ocrx_word' id='word_1_129' title='bbox 1050 1872 1283 1931; x_wconf 89' lang='lat' dir='ltr'><strong>Africae</strong></span> <span class='ocrx_word' id='word_1_130' title='bbox 1332 1890 1437 1948; x_wconf 92' lang='lat' dir='ltr'><strong>per</strong></span> <span class='ocrx_word' id='word_1_131' title='bbox 1482 1872 1627 1931; x_wconf 89' lang='lat' dir='ltr'><strong>duas</strong></span> <span class='ocrx_word' id='word_1_132' title='bbox 1675 1871 1937 1948; x_wconf 91' lang='lat' dir='ltr'><strong>legiones</strong></span> <span class='ocrx_word' id='word_1_133' title='bbox 1981 1873 2218 1949; x_wconf 90' lang='lat' dir='ltr'><strong>parique</strong></span> 
     </span>
     <span class='ocr_line' id='line_1_18' title="bbox 209 1969 2217 2047; baseline 0.001 -20"><span class='ocrx_word' id='word_1_134' title='bbox 209 1987 459 2028; x_wconf 88' lang='lat' dir='ltr'><strong>numero</strong></span> <span class='ocrx_word' id='word_1_135' title='bbox 491 1969 806 2047; x_wconf 82' lang='lat' dir='ltr'><strong>AegyptuS,</strong></span> <span class='ocrx_word' id='word_1_136' title='bbox 844 1970 1056 2030; x_wconf 90' lang='lat' dir='ltr'><strong>dehinc</strong></span> <span class='ocrx_word' id='word_1_137' title='bbox 1097 1971 1260 2030; x_wconf 91' lang='lat' dir='ltr'><strong>initio</strong></span> <span class='ocrx_word' id='word_1_138' title='bbox 1302 1972 1379 2030; x_wconf 92' lang='lat' dir='ltr'><strong>ab</strong></span> <span class='ocrx_word' id='word_1_139' title='bbox 1422 1970 1623 2029; x_wconf 88' lang='lat' dir='ltr'><strong>Suriae</strong></span> <span class='ocrx_word' id='word_1_140' title='bbox 1664 1989 1848 2047; x_wconf 88' lang='lat' dir='ltr'><strong>usque</strong></span> <span class='ocrx_word' id='word_1_141' title='bbox 1885 1970 1960 2029; x_wconf 93' lang='lat' dir='ltr'><strong>ad</strong></span> <span class='ocrx_word' id='word_1_142' title='bbox 2001 1969 2217 2029; x_wconf 90' lang='lat' dir='ltr'><strong>flumen</strong></span> 
     </span>
     <span class='ocr_line' id='line_1_19' title="bbox 208 2068 2220 2145; baseline 0 -19"><span class='ocrx_word' id='word_1_143' title='bbox 208 2068 571 2145; x_wconf 87' lang='lat' dir='ltr'><strong>Euphraten,</strong></span> <span class='ocrx_word' id='word_1_144' title='bbox 600 2077 885 2144; x_wconf 90' lang='lat' dir='ltr'><strong>quantum</strong></span> <span class='ocrx_word' id='word_1_145' title='bbox 913 2069 1133 2145; x_wconf 88' lang='lat' dir='ltr'><strong>ingenti</strong></span> <span class='ocrx_word' id='word_1_146' title='bbox 1166 2078 1447 2128; x_wconf 89' lang='lat' dir='ltr'><strong>terrarum</strong></span> <span class='ocrx_word' id='word_1_147' title='bbox 1490 2069 1616 2127; x_wconf 90' lang='lat' dir='ltr'><strong>sinu</strong></span> <span class='ocrx_word' id='word_1_148' title='bbox 1654 2069 1918 2139; x_wconf 90' lang='lat' dir='ltr'><strong>ambitur,</strong></span> <span class='ocrx_word' id='word_1_149' title='bbox 1950 2077 2220 2144; x_wconf 88' lang='lat' dir='ltr'><strong>quattuor</strong></span> 
     </span>
     <span class='ocr_line' id='line_1_20' title="bbox 208 2152 2220 2243; baseline 0 -19"><span class='ocrx_word' id='word_1_150' title='bbox 208 2166 541 2243; x_wconf 89' lang='lat' dir='ltr'><strong>legionibus</strong></span> <span class='ocrx_word' id='word_1_151' title='bbox 582 2167 852 2239; x_wconf 92' lang='lat' dir='ltr'><strong>coercita,</strong></span> <span class='ocrx_word' id='word_1_152' title='bbox 893 2166 1107 2226; x_wconf 89' lang='lat' dir='ltr'><strong>accolis</strong></span> <span class='ocrx_word' id='word_1_153' title='bbox 1150 2166 1376 2226; x_wconf 91' lang='lat' dir='ltr'><strong>Hibero</strong></span> <span class='ocrx_word' id='word_1_154' title='bbox 1418 2167 1767 2243; x_wconf 89' lang='lat' dir='ltr'><strong>Albanoque</strong></span> <span class='ocrx_word' id='word_1_155' title='bbox 1809 2176 1867 2226; x_wconf 92' lang='lat' dir='ltr'><strong>et</strong></span> <span class='ocrx_word' id='word_1_156' title='bbox 1907 2152 2030 2225; x_wconf 76' lang='lat' dir='ltr'><strong>aliis</strong></span> <span class='ocrx_word' id='word_1_157' title='bbox 2070 2167 2220 2243; x_wconf 90' lang='lat' dir='ltr'><strong>regi-</strong></span> 
     </span>
     <span class='ocr_line' id='line_1_21' title="bbox 209 2264 2301 2342; baseline 0 -19"><span class='ocrx_word' id='word_1_158' title='bbox 209 2266 341 2335; x_wconf 81' lang='lat' dir='ltr'><strong>buS‚</strong></span> <span class='ocrx_word' id='word_1_159' title='bbox 385 2264 484 2339; x_wconf 90' lang='lat' dir='ltr'><strong>qui</strong></span> <span class='ocrx_word' id='word_1_160' title='bbox 532 2264 931 2340; x_wconf 87' lang='lat' dir='ltr'><strong>magnitudine</strong></span> <span class='ocrx_word' id='word_1_161' title='bbox 971 2274 1172 2325; x_wconf 89' lang='lat' dir='ltr'><strong>nostra</strong></span> <span class='ocrx_word' id='word_1_162' title='bbox 1213 2275 1597 2342; x_wconf 91' lang='lat' dir='ltr'><strong>proteguntur</strong></span> <span class='ocrx_word' id='word_1_163' title='bbox 1637 2265 1940 2324; x_wconf 89' lang='lat' dir='ltr'><strong>adversum</strong></span> <span class='ocrx_word' id='word_1_164' title='bbox 1981 2273 2219 2324; x_wconf 87' lang='lat' dir='ltr'><strong>externa</strong></span> <span class='ocrx_word' id='word_1_165' title='bbox 2238 2287 2301 2324; x_wconf 88' lang='lat'><strong>20</strong></span> 
     </span>
    </p>

    <p class='ocr_par' dir='ltr' id='par_1_8' title="bbox 151 2361 2294 3028">
     <span class='ocr_line' id='line_1_22' title="bbox 151 2361 2220 2439; baseline -0 -17"><span class='ocrx_word' id='word_1_166' title='bbox 151 2376 184 2422; x_wconf 84' lang='grc'><strong>5</strong></span> <span class='ocrx_word' id='word_1_167' title='bbox 210 2361 472 2438; x_wconf 89' lang='lat' dir='ltr'><strong>imperia.</strong></span> <span class='ocrx_word' id='word_1_168' title='bbox 559 2370 618 2420; x_wconf 93' lang='lat' dir='ltr'><strong>et</strong></span> <span class='ocrx_word' id='word_1_169' title='bbox 662 2361 1014 2421; x_wconf 86' lang='lat' dir='ltr'><strong>Thraeciam</strong></span> <span class='ocrx_word' id='word_1_170' title='bbox 1058 2362 1509 2423; x_wconf 88' lang='lat' dir='ltr'><strong>Rh0emetalces</strong></span> <span class='ocrx_word' id='word_1_171' title='bbox 1556 2381 1625 2422; x_wconf 90' lang='lat' dir='ltr'><strong>ac</strong></span> <span class='ocrx_word' id='word_1_172' title='bbox 1677 2363 1837 2422; x_wconf 85' lang='lat' dir='ltr'><strong>liberi</strong></span> <span class='ocrx_word' id='word_1_173' title='bbox 1883 2361 2100 2439; x_wconf 58' lang='lat' dir='ltr'><strong>Cotyis</strong></span> <span class='ocrx_word' id='word_1_174' title='bbox 2146 2362 2220 2421; x_wconf 92' lang='lat' dir='ltr'><strong>ri-</strong></span> 
     </span>
     <span class='ocr_line' id='line_1_23' title="bbox 208 2458 2221 2537; baseline 0.001 -18"><span class='ocrx_word' id='word_1_175' title='bbox 208 2477 469 2536; x_wconf 89' lang='lat' dir='ltr'><strong>pamque</strong></span> <span class='ocrx_word' id='word_1_176' title='bbox 494 2458 744 2518; x_wconf 88' lang='lat' dir='ltr'><strong>Danuvii</strong></span> <span class='ocrx_word' id='word_1_177' title='bbox 771 2460 1071 2537; x_wconf 89' lang='lat' dir='ltr'><strong>legionum</strong></span> <span class='ocrx_word' id='word_1_178' title='bbox 1099 2461 1249 2520; x_wconf 92' lang='lat' dir='ltr'><strong>duae</strong></span> <span class='ocrx_word' id='word_1_179' title='bbox 1276 2461 1339 2519; x_wconf 90' lang='lat' dir='ltr'><strong>in</strong></span> <span class='ocrx_word' id='word_1_180' title='bbox 1367 2460 1687 2532; x_wconf 88' lang='lat' dir='ltr'><strong>Pannonia,</strong></span> <span class='ocrx_word' id='word_1_181' title='bbox 1723 2462 1874 2521; x_wconf 88' lang='lat' dir='ltr'><strong>duae</strong></span> <span class='ocrx_word' id='word_1_182' title='bbox 1900 2461 1961 2518; x_wconf 90' lang='lat' dir='ltr'><strong>in</strong></span> <span class='ocrx_word' id='word_1_183' title='bbox 1992 2459 2221 2521; x_wconf 89' lang='lat' dir='ltr'><strong>Moesia</strong></span> 
     </span>
     <span class='ocr_line' id='line_1_24' title="bbox 209 2558 2220 2636; baseline 0 -19"><span class='ocrx_word' id='word_1_184' title='bbox 209 2559 551 2630; x_wconf 88' lang='lat' dir='ltr'><strong>attinebant,</strong></span> <span class='ocrx_word' id='word_1_185' title='bbox 586 2558 831 2618; x_wconf 91' lang='lat' dir='ltr'><strong>totidem</strong></span> <span class='ocrx_word' id='word_1_186' title='bbox 867 2559 1026 2636; x_wconf 90' lang='lat' dir='ltr'><strong>apud</strong></span> <span class='ocrx_word' id='word_1_187' title='bbox 1059 2558 1413 2618; x_wconf 88' lang='lat' dir='ltr'><strong>Dehnatiam</strong></span> <span class='ocrx_word' id='word_1_188' title='bbox 1445 2559 1667 2630; x_wconf 81' lang='lat' dir='ltr'><strong>locatiS,</strong></span> <span class='ocrx_word' id='word_1_189' title='bbox 1709 2577 1858 2635; x_wconf 91' lang='lat' dir='ltr'><strong>quae</strong></span> <span class='ocrx_word' id='word_1_190' title='bbox 1896 2559 2089 2634; x_wconf 88' lang='lat' dir='ltr'><strong>positu</strong></span> <span class='ocrx_word' id='word_1_191' title='bbox 2132 2578 2220 2618; x_wconf 93' lang='lat' dir='ltr'><strong>re-</strong></span> 
     </span>
     <span class='ocr_line' id='line_1_25' title="bbox 209 2656 2216 2734; baseline 0 -18"><span class='ocrx_word' id='word_1_192' title='bbox 209 2658 408 2734; x_wconf 89' lang='lat' dir='ltr'><strong>gionis</strong></span> <span class='ocrx_word' id='word_1_193' title='bbox 436 2676 473 2716; x_wconf 94' lang='lat' dir='ltr'><strong>a</strong></span> <span class='ocrx_word' id='word_1_194' title='bbox 498 2666 665 2734; x_wconf 92' lang='lat' dir='ltr'><strong>tergo</strong></span> <span class='ocrx_word' id='word_1_195' title='bbox 692 2657 817 2729; x_wconf 85' lang='lat' dir='ltr'><strong>illis,</strong></span> <span class='ocrx_word' id='word_1_196' title='bbox 848 2676 918 2717; x_wconf 90' lang='lat' dir='ltr'><strong>ac</strong></span> <span class='ocrx_word' id='word_1_197' title='bbox 946 2658 997 2717; x_wconf 91' lang='lat' dir='ltr'><strong>si</strong></span> <span class='ocrx_word' id='word_1_198' title='bbox 1023 2659 1393 2734; x_wconf 91' lang='lat' dir='ltr'><strong>repentinum</strong></span> <span class='ocrx_word' id='word_1_199' title='bbox 1426 2657 1702 2716; x_wconf 85' lang='lat' dir='ltr'><strong>auxilium</strong></span> <span class='ocrx_word' id='word_1_200' title='bbox 1731 2657 1898 2716; x_wconf 88' lang='lat' dir='ltr'><strong>Italia</strong></span> <span class='ocrx_word' id='word_1_201' title='bbox 1934 2656 2216 2733; x_wconf 87' lang='lat' dir='ltr'><strong>posceret,</strong></span> 
     </span>
     <span class='ocr_line' id='line_1_26' title="bbox 210 2755 2294 2832; baseline 0.001 -20"><span class='ocrx_word' id='word_1_202' title='bbox 210 2755 371 2814; x_wconf 92' lang='lat' dir='ltr'><strong>haud</strong></span> <span class='ocrx_word' id='word_1_203' title='bbox 404 2755 610 2832; x_wconf 91' lang='lat' dir='ltr'><strong>procul</strong></span> <span class='ocrx_word' id='word_1_204' title='bbox 648 2755 983 2827; x_wconf 89' lang='lat' dir='ltr'><strong>accirentur,</strong></span> <span class='ocrx_word' id='word_1_205' title='bbox 1019 2773 1377 2832; x_wconf 89' lang='lat' dir='ltr'><strong>quamquam</strong></span> <span class='ocrx_word' id='word_1_206' title='bbox 1409 2755 1682 2816; x_wconf 87' lang='lat' dir='ltr'><strong>insideret</strong></span> <span class='ocrx_word' id='word_1_207' title='bbox 1716 2757 1920 2815; x_wconf 88' lang='lat' dir='ltr'><strong>urbem</strong></span> <span class='ocrx_word' id='word_1_208' title='bbox 1956 2757 2221 2832; x_wconf 90' lang='lat' dir='ltr'><strong>proprius</strong></span> <span class='ocrx_word' id='word_1_209' title='bbox 2241 2781 2294 2828; x_wconf 84' lang='lat'><strong>²5</strong></span> 
     </span>
     <span class='ocr_line' id='line_1_27' title="bbox 209 2853 2219 2931; baseline 0.001 -20"><span class='ocrx_word' id='word_1_210' title='bbox 209 2853 397 2925; x_wconf 82' lang='lat' dir='ltr'><strong>mileS,</strong></span> <span class='ocrx_word' id='word_1_211' title='bbox 426 2862 542 2914; x_wconf 90' lang='lat' dir='ltr'><strong>tres</strong></span> <span class='ocrx_word' id='word_1_212' title='bbox 568 2854 841 2925; x_wconf 90' lang='lat' dir='ltr'><strong>urbanae,</strong></span> <span class='ocrx_word' id='word_1_213' title='bbox 871 2871 1087 2912; x_wconf 90' lang='lat' dir='ltr'><strong>novem</strong></span> <span class='ocrx_word' id='word_1_214' title='bbox 1112 2856 1438 2931; x_wconf 87' lang='lat' dir='ltr'><strong>praetoriae</strong></span> <span class='ocrx_word' id='word_1_215' title='bbox 1466 2854 1753 2925; x_wconf 82' lang='lat' dir='ltr'><strong>cohorteS‚</strong></span> <span class='ocrx_word' id='word_1_216' title='bbox 1784 2853 2012 2912; x_wconf 87' lang='lat' dir='ltr'><strong>Etruria</strong></span> <span class='ocrx_word' id='word_1_217' title='bbox 2040 2853 2219 2913; x_wconf 87' lang='lat' dir='ltr'><strong>ferme</strong></span> 
     </span>
     <span class='ocr_line' id='line_1_28' title="bbox 184 2935 2217 3028; baseline 0.001 -19"><span class='ocrx_word' id='word_1_218' title='bbox 184 2935 573 3028; x_wconf 64' lang='lat' dir='ltr'><strong>&#39;Umbriaque</strong></span> <span class='ocrx_word' id='word_1_219' title='bbox 615 2951 870 3011; x_wconf 88' lang='lat' dir='ltr'><strong>delectae</strong></span> <span class='ocrx_word' id='word_1_220' title='bbox 918 2961 1017 3011; x_wconf 92' lang='lat' dir='ltr'><strong>aut</strong></span> <span class='ocrx_word' id='word_1_221' title='bbox 1057 2962 1248 3012; x_wconf 85' lang='lat' dir='ltr'><strong>vetere</strong></span> <span class='ocrx_word' id='word_1_222' title='bbox 1292 2952 1464 3012; x_wconf 90' lang='lat' dir='ltr'><strong>Latio</strong></span> <span class='ocrx_word' id='word_1_223' title='bbox 1506 2962 1565 3011; x_wconf 92' lang='lat' dir='ltr'><strong>et</strong></span> <span class='ocrx_word' id='word_1_224' title='bbox 1614 2952 1858 3011; x_wconf 89' lang='lat' dir='ltr'><strong>coloniis</strong></span> <span class='ocrx_word' id='word_1_225' title='bbox 1906 2952 2217 3028; x_wconf 89' lang='lat' dir='ltr'><strong>antiquitus</strong></span> 
     </span>
    </p>

    <p class='ocr_par' dir='ltr' id='par_1_9' title="bbox 149 3048 2293 3423">
     <span class='ocr_line' id='line_1_29' title="bbox 149 3048 2217 3127; baseline 0.003 -23"><span class='ocrx_word' id='word_1_226' title='bbox 149 3057 185 3103; x_wconf 83' lang='grc'><strong>6</strong></span> <span class='ocrx_word' id='word_1_227' title='bbox 210 3048 516 3108; x_wconf 73' lang='lat' dir='ltr'><strong>Romanis·</strong></span> <span class='ocrx_word' id='word_1_228' title='bbox 613 3058 674 3108; x_wconf 92' lang='lat' dir='ltr'><strong>at</strong></span> <span class='ocrx_word' id='word_1_229' title='bbox 725 3050 884 3127; x_wconf 90' lang='lat' dir='ltr'><strong>apud</strong></span> <span class='ocrx_word' id='word_1_230' title='bbox 937 3050 1150 3110; x_wconf 89' lang='lat' dir='ltr'><strong>idonea</strong></span> <span class='ocrx_word' id='word_1_231' title='bbox 1211 3051 1639 3127; x_wconf 86' lang='lat' dir='ltr'><strong>provinciarum</strong></span> <span class='ocrx_word' id='word_1_232' title='bbox 1701 3052 1897 3110; x_wconf 88' lang='lat' dir='ltr'><strong>sociae</strong></span> <span class='ocrx_word' id='word_1_233' title='bbox 1959 3051 2217 3110; x_wconf 83' lang='lat' dir='ltr'><strong>tn&#39;remes</strong></span> 
     </span>
     <span class='ocr_line' id='line_1_30' title="bbox 210 3147 2217 3227; baseline 0.001 -21"><span class='ocrx_word' id='word_1_234' title='bbox 210 3148 456 3225; x_wconf 89' lang='lat' dir='ltr'><strong>alaeque</strong></span> <span class='ocrx_word' id='word_1_235' title='bbox 495 3156 554 3206; x_wconf 88' lang='lat' dir='ltr'><strong>et</strong></span> <span class='ocrx_word' id='word_1_236' title='bbox 595 3147 805 3207; x_wconf 83' lang='lat' dir='ltr'><strong>auxilia</strong></span> <span class='ocrx_word' id='word_1_237' title='bbox 854 3147 1197 3220; x_wconf 91' lang='lat' dir='ltr'><strong>cohortium,</strong></span> <span class='ocrx_word' id='word_1_238' title='bbox 1244 3167 1433 3227; x_wconf 91' lang='lat' dir='ltr'><strong>neque</strong></span> <span class='ocrx_word' id='word_1_239' title='bbox 1480 3149 1662 3208; x_wconf 91' lang='lat' dir='ltr'><strong>multo</strong></span> <span class='ocrx_word' id='word_1_240' title='bbox 1708 3166 1877 3207; x_wconf 90' lang='lat' dir='ltr'><strong>secus</strong></span> <span class='ocrx_word' id='word_1_241' title='bbox 1926 3149 1988 3206; x_wconf 88' lang='lat' dir='ltr'><strong>in</strong></span> <span class='ocrx_word' id='word_1_242' title='bbox 2028 3149 2096 3208; x_wconf 91' lang='lat' dir='ltr'><strong>iis</strong></span> <span class='ocrx_word' id='word_1_243' title='bbox 2137 3153 2217 3209; x_wconf 91' lang='lat' dir='ltr'><strong>vi-</strong></span> 
     </span>
     <span class='ocr_line' id='line_1_31' title="bbox 208 3247 2293 3324; baseline 0.001 -19"><span class='ocrx_word' id='word_1_244' title='bbox 208 3247 391 3306; x_wconf 82' lang='lat' dir='ltr'><strong>rium:</strong></span> <span class='ocrx_word' id='word_1_245' title='bbox 433 3247 538 3306; x_wconf 90' lang='lat' dir='ltr'><strong>sed</strong></span> <span class='ocrx_word' id='word_1_246' title='bbox 576 3247 841 3324; x_wconf 90' lang='lat' dir='ltr'><strong>persequi</strong></span> <span class='ocrx_word' id='word_1_247' title='bbox 880 3248 1164 3306; x_wconf 88' lang='lat' dir='ltr'><strong>incertum</strong></span> <span class='ocrx_word' id='word_1_248' title='bbox 1205 3247 1325 3321; x_wconf 90' lang='lat' dir='ltr'><strong>fuit,</strong></span> <span class='ocrx_word' id='word_1_249' title='bbox 1356 3266 1490 3307; x_wconf 92' lang='lat' dir='ltr'><strong>cum</strong></span> <span class='ocrx_word' id='word_1_250' title='bbox 1523 3267 1598 3308; x_wconf 85' lang='lat' dir='ltr'><strong>ex</strong></span> <span class='ocrx_word' id='word_1_251' title='bbox 1634 3265 1744 3306; x_wconf 90' lang='lat' dir='ltr'><strong>usu</strong></span> <span class='ocrx_word' id='word_1_252' title='bbox 1781 3247 2057 3322; x_wconf 90' lang='lat' dir='ltr'><strong>temporis</strong></span> <span class='ocrx_word' id='word_1_253' title='bbox 2091 3248 2205 3309; x_wconf 93' lang='lat' dir='ltr'><strong>huc</strong></span> <span class='ocrx_word' id='word_1_254' title='bbox 2231 3274 2293 3321; x_wconf 84' lang='lat'><strong>30</strong></span> 
     </span>
     <span class='ocr_line' id='line_1_32' title="bbox 210 3345 2134 3423; baseline 0.002 -20"><span class='ocrx_word' id='word_1_255' title='bbox 210 3346 342 3405; x_wconf 91' lang='lat' dir='ltr'><strong>illuc</strong></span> <span class='ocrx_word' id='word_1_256' title='bbox 370 3355 647 3417; x_wconf 89' lang='lat' dir='ltr'><strong>mearent,</strong></span> <span class='ocrx_word' id='word_1_257' title='bbox 680 3346 988 3422; x_wconf 88' lang='lat' dir='ltr'><strong>gliscerent</strong></span> <span class='ocrx_word' id='word_1_258' title='bbox 1016 3363 1258 3405; x_wconf 90' lang='lat' dir='ltr'><strong>numero</strong></span> <span class='ocrx_word' id='word_1_259' title='bbox 1288 3355 1347 3405; x_wconf 92' lang='lat' dir='ltr'><strong>et</strong></span> <span class='ocrx_word' id='word_1_260' title='bbox 1383 3346 1695 3423; x_wconf 90' lang='lat' dir='ltr'><strong>aliquando</strong></span> <span class='ocrx_word' id='word_1_261' title='bbox 1728 3345 2134 3406; x_wconf 89' lang='lat' dir='ltr'><strong>minuerentur.</strong></span> 
     </span>
    </p>

    <p class='ocr_par' dir='ltr' id='par_1_10' title="bbox 209 3443 2213 3620">
     <span class='ocr_line' id='line_1_33' title="bbox 292 3443 2213 3520; baseline -0.001 -16"><span class='ocrx_word' id='word_1_262' title='bbox 292 3452 353 3504; x_wconf 84' lang='lat'><strong>6.</strong></span> <span class='ocrx_word' id='word_1_263' title='bbox 397 3443 743 3520; x_wconf 87' lang='lat' dir='ltr'><strong>Congruens</strong></span> <span class='ocrx_word' id='word_1_264' title='bbox 800 3443 1142 3504; x_wconf 89' lang='lat' dir='ltr'><strong>crediderim</strong></span> <span class='ocrx_word' id='word_1_265' title='bbox 1198 3462 1501 3503; x_wconf 87' lang='lat' dir='ltr'><strong>recensere</strong></span> <span class='ocrx_word' id='word_1_266' title='bbox 1560 3453 1776 3504; x_wconf 90' lang='lat' dir='ltr'><strong>ceteras</strong></span> <span class='ocrx_word' id='word_1_267' title='bbox 1838 3462 2071 3520; x_wconf 92' lang='lat' dir='ltr'><strong>quoque</strong></span> <span class='ocrx_word' id='word_1_268' title='bbox 2131 3447 2213 3503; x_wconf 90' lang='lat' dir='ltr'><strong>rei</strong></span> 
     </span>
     <span class='ocr_line' id='line_1_34' title="bbox 209 3540 2211 3620; baseline 0.001 -20"><span class='ocrx_word' id='word_1_269' title='bbox 209 3541 475 3618; x_wconf 87' lang='lat' dir='ltr'><strong>publicae</strong></span> <span class='ocrx_word' id='word_1_270' title='bbox 521 3551 728 3618; x_wconf 81' lang='lat' dir='ltr'><strong>parteS,</strong></span> <span class='ocrx_word' id='word_1_271' title='bbox 774 3543 982 3620; x_wconf 90' lang='lat' dir='ltr'><strong>quibus</strong></span> <span class='ocrx_word' id='word_1_272' title='bbox 1029 3541 1219 3601; x_wconf 92' lang='lat' dir='ltr'><strong>modis</strong></span> <span class='ocrx_word' id='word_1_273' title='bbox 1267 3541 1344 3601; x_wconf 88' lang='lat' dir='ltr'><strong>ad</strong></span> <span class='ocrx_word' id='word_1_274' title='bbox 1399 3559 1530 3601; x_wconf 89' lang='lat' dir='ltr'><strong>eam</strong></span> <span class='ocrx_word' id='word_1_275' title='bbox 1584 3540 1739 3600; x_wconf 89' lang='lat' dir='ltr'><strong>diem</strong></span> <span class='ocrx_word' id='word_1_276' title='bbox 1795 3540 2025 3601; x_wconf 89' lang='lat' dir='ltr'><strong>habitae</strong></span> <span class='ocrx_word' id='word_1_277' title='bbox 2080 3543 2211 3615; x_wconf 91' lang='lat' dir='ltr'><strong>sint,</strong></span> 
     </span>
    </p>
   </div>
  </div>
 </body>
</html>
