2594 3925
182 244 312 286 an.
339 220 452 308 14]
802 233 1036 285 LIBER
1073 234 1124 285 J.
1184 234 1337 285 CAP.
1378 240 1589 303 17-21.
2117 242 2196 305 55

124 405 154 450 s
181 392 333 469 cipis
384 409 558 451 curas
605 391 845 450 onerari.
931 392 980 450 si
1028 401 1222 450 tamen
1270 392 1569 452 tenderent
1615 393 1676 451 in
1724 411 1869 470 pace
1916 400 2195 469 temptare

180 508 336 567 quae
385 509 466 550 ne
507 489 754 548 civilium
796 489 1031 566 quidem
1079 490 1361 550 bellorum
1409 491 1653 551 victores
1701 491 2195 571 expostulaverint,

181 607 290 648 cur
319 598 534 647 contra
571 606 798 647 morem
827 587 1109 665 obsequii,
1139 598 1345 648 contra
1376 588 1466 648 fas
1500 572 1834 667 disciplinae
1863 591 1979 648 vim
2011 589 2197 648 medi-

179 688 425 766 Qtur?
468 685 843 745 decernerent
898 685 1119 762 legatos
1175 704 1355 764 seque
1404 704 1599 746 coram
1654 688 1927 746 mandata
1975 687 2192 746 darent.

125 804 162 851 4
184 786 594 844 adclamavere
625 794 688 842 ut
723 784 873 842 filius
912 783 1100 843 Blaesi
1141 785 1401 843 tribunus
1433 784 1722 861 legatione
1763 802 1833 843 ea
1869 784 2200 861 fungeretur
2221 806 2247 856 5

185 893 532 961 peteretque
589 882 861 941 militibus
922 883 1260 955 missionem
1317 884 1392 941 ab
1448 883 1702 942 sedecim
1756 883 1961 942 annis:
2011 892 2202 942 cetera

131 997 163 1041 5
189 981 589 1051 mandaturOS,
617 982 715 1039 ubi
751 981 938 1056 prima
972 981 1387 1056 provenissent.
1471 981 1733 1059 profecto
1770 981 1974 1040 iuvene
2007 980 2196 1039 modi-

166 1097 324 1145 ,cum
386 1080 609 1138 otium:
658 1073 764 1138 sed
819 1080 1113 1156 superbire
1160 1079 1342 1151 mileS,
1388 1079 1548 1156 quod
1596 1079 1744 1138 filius
1792 1079 1965 1154 legati
2009 1086 2201 1137 orator

189 1177 462 1253 publicae
518 1195 727 1236 causae
777 1178 916 1237 satis
964 1178 1292 1237 ostenderet
1340 1178 1680 1238 necessitate
1727 1194 2004 1255 expressa
2051 1194 2201 1253 quae

190 1294 295 1352 per
333 1275 683 1334 modestiam
722 1294 846 1334 non
888 1276 1289 1336 obtinuissent.
1699 1351 1712 1357 δ
2223 1297 2282 1333 ιο

271 1380 386 1433 20.
430 1373 655 1433 Interea
681 1375 961 1450 manipuli
993 1384 1128 1433 ante
1155 1385 1427 1452 coeptam
1455 1375 1797 1435 seditionem
1830 1373 2202 1450 Nauportum

190 1473 355 1530 missi
397 1474 478 1531 ob
518 1473 720 1532 itinera
759 1481 817 1531 et
856 1482 1063 1549 pontes
1096 1482 1153 1532 et
1187 1474 1330 1533 alios
1366 1492 1521 1545 usuS,
1560 1484 1874 1550 postquam
1912 1474 2199 1531 turbatum

192 1570 253 1628 in
300 1571 503 1630 castris
551 1588 846 1646 accepere,
866 1592 871 1593 ’
891 1570 1096 1630 vexilla
1142 1571 1473 1630 convellunt
1521 1572 1870 1648 direptisque
1920 1570 2199 1647 proximis

190 1669 331 1726 vicis
397 1668 642 1744 ipsoque
698 1667 1020 1745 Nauport0‚
1078 1668 1238 1745 quod
1302 1669 1598 1745 municipii
1652 1669 1828 1727 instar
1881 1678 2018 1740 erat,
2073 1669 2200 1727 reti·

191 1765 386 1824 nentis
428 1766 794 1825 centuriones
828 1766 1003 1824 inrisu
1034 1776 1092 1825 et
1126 1767 1506 1837 contumeliis,
1542 1776 1839 1843 postremo
1871 1766 2202 1825 verberibus
2224 1789 2279 1837 15

191 1865 565 1937 insectantur,
629 1865 944 1941 praecipua
1004 1865 1066 1923 in
1128 1865 1503 1923 Aufidienum
1568 1864 1788 1923 Rufum
1851 1864 2204 1942 praefectum

192 1975 518 2024 castrorum
580 1962 680 2035 ira,
737 1982 914 2040 quem
979 1965 1281 2041 dereptum
1344 1962 1607 2023 vehiculo
1672 1964 1909 2022 sarcinis
1962 1973 2203 2039 gravant

193 2073 490 2140 aguntque
545 2062 736 2139 primo
797 2063 858 2121 in
919 2064 1169 2139 agmine,
1224 2081 1330 2139 per
1390 2061 1696 2120 ludibrium
1750 2062 2066 2137 rogitantes
2125 2078 2202 2119 an

194 2172 317 2220 tam
385 2153 671 2219 immensa
738 2179 934 2231 onera,
998 2170 1119 2219 tam
1187 2161 1369 2237 longa
1436 2161 1639 2219 itinera
1706 2160 1948 2219 libenter
2015 2160 2204 2220 ferret.

135 2280 168 2325 2
195 2260 412 2337 quippe
462 2258 650 2317 Rufus
702 2259 800 2318 diu
846 2259 1236 2335 manipularis,
1288 2259 1423 2317 dein
1482 2257 1757 2330 centurio,
1808 2276 1949 2317 mox
2001 2257 2200 2319 castris
2220 2281 2283 2318 20

196 2357 535 2433 praefectus,
592 2358 887 2434 antiquam
959 2358 1279 2434 duramque
1339 2356 1596 2415 militiam
1656 2358 1981 2429 revocabat,
2037 2367 2200 2453 Qus

196 2456 387 2531 operis
430 2475 499 2514 ac
540 2456 749 2514 laboris
793 2464 849 2513 et
892 2474 966 2515 eo
1006 2456 1280 2527 inmitior,
1327 2455 1464 2532 quia
1505 2454 1859 2514 toleraverat.
2123 2443 2162 2454 ν

277 2556 371 2609 21.
417 2548 649 2608 Horum
688 2549 937 2608 adventu
976 2550 1392 2626 redintegratur
1434 2549 1654 2618 seditio,
1684 2559 1742 2607 et
1781 2549 1913 2625 vagi
1954 2549 2197 2610 circum·

61 2667 67 2680 ·
138 2665 171 2710 2
194 2649 343 2708 iecta
385 2647 824 2723 populabantur.
908 2647 1148 2707 Blaesus
1193 2665 1434 2723 pauCOS,
1469 2647 1723 2705 maxime
1764 2648 1981 2723 praeda
2022 2667 2199 2708 onus-

197 2757 305 2817 tOS,
348 2746 421 2804 ad
462 2755 738 2804 terrorem
780 2755 1101 2805 ceterorum
1142 2746 1315 2806 adfici
1355 2745 1701 2816 verberibu8‚
1746 2745 1934 2804 claudi
1972 2765 2201 2807 carcere
2224 2773 2278 2821 ²5

198 2846 387 2917 iubet3
422 2827 581 2903 ¹nam
636 2845 810 2903 etiam
865 2855 989 2903 tum
1042 2845 1234 2920 legato
1289 2863 1328 2903 a
1381 2845 1813 2903 centurionibus
1866 2853 1924 2903 et
1978 2847 2201 2922 optimo

142 2959 176 3005 3
201 2961 431 3021 quoque
496 2943 938 3019 manipularium
997 2945 1322 3021 parebatur.
1422 2941 1501 3000 illi
1570 2941 1752 3000 obniti
1820 2941 2193 3014 trahentibuS,

201 3058 468 3118 prensare
509 3041 998 3099 circumstantium
1046 3059 1254 3115 genua,
1300 3039 1449 3119 cie-re
1498 3038 1678 3098 modo
1720 3040 1961 3098 nomina
2000 3041 2200 3117 singu-

201 3139 400 3210 lorum,
443 3139 622 3198 modo
663 3138 979 3197 centuriam
1020 3138 1261 3214 quisque
1305 3138 1465 3196 cuius
1505 3137 1877 3213 manipularis
1920 3149 2056 3208 erat,
2103 3157 2199 3198 co-

202 3238 439 3309 hortem,
495 3236 802 3312 legionem,
857 3235 1065 3294 eadem
1134 3236 1404 3296 omnibus
1471 3236 1750 3294 inminere
1820 3235 2194 3297 clamitantes,
2217 3262 2280 3310 30

143 3353 181 3398 4
205 3331 371 3390 simul
411 3331 624 3407 probra
663 3330 724 3387 in
766 3329 1019 3407 legatum
1064 3329 1377 3400 cumulant,
1424 3329 1647 3388 caelum
1694 3347 1761 3388 ac
1810 3330 1954 3389 deos
2004 3332 2199 3391 obtes-

203 3440 409 3501 tantur,
441 3428 577 3487 nihil
610 3429 810 3505 reliqui
838 3428 1054 3487 faciunt
1080 3446 1205 3513 qug
1227 3430 1419 3510 rninus
1445 3428 1718 3487 invidiam
1745 3429 2197 3491 misericordiam

147 3549 180 3597 5
205 3539 419 3590 metum
453 3539 511 3587 et
542 3528 655 3587 iras
688 3536 1105 3611 permoverent.
1190 3528 1509 3587 adcurritur
1542 3529 1617 3587 ab
1651 3527 1943 3601 universis,
1985 3538 2045 3588 et
2075 3548 2198 3589 car-
