2594 3925
360 234 380 271 1
397 228 468 288 74
796 218 1179 294 CORNELJJJ
1199 219 1290 267 TA
1300 219 1461 269 CJTJ
1495 219 1921 270 ANNALJUM
2001 205 2207 290 [A.u.c.
2238 220 2348 283 776·

352 381 673 450 damnatuS,
695 378 774 435 ob
795 377 1152 437 atrocitatem
1174 394 1406 436 morum
1434 378 1495 435 in
1522 377 1768 437 insulam
1791 378 2117 453 Amorgum
2140 379 2347 456 depor-

338 488 513 537 tatur.
598 476 886 536 Carsidius
931 475 1230 548 SacerdoS,
1273 494 1406 535 reus
1446 486 1747 553 tamquam
1788 475 2077 536 frumento
2118 477 2348 537 hostem
2376 488 2413 534 3

349 575 779 634 Tacfarinatem
838 574 1088 645 iuvisset,
1145 574 1473 645 absolvitur,
1531 574 1905 651 eiusdemque
1968 575 2225 634 criminis
2281 575 2349 635 C.

351 673 666 734 Gracchus.
748 673 903 732 hunc
959 672 1233 731 comitem
1277 672 1431 731 exilii
1479 671 1798 731 admodum
1846 673 2127 732 infantem
2185 684 2350 750 pater
2376 691 2415 735 4

298 798 326 846 5
352 772 732 850 Sempronius
764 771 825 829 in
857 769 1104 830 insulam
1139 769 1448 830 Cercinam
1482 771 1700 830 tulerat.
1786 770 1900 829 illic
1936 771 2163 830 adultus
2206 772 2352 830 inter

348 857 606 930 extorres
647 880 704 928 et
747 869 1064 928 liberalium
1106 869 1314 927 artium
1360 869 1608 940 nescioS,
1651 888 1791 928 mox
1836 888 1942 946 per
1977 868 2238 928 Africam
2280 888 2350 928 ac

351 968 599 1028 Siciliam
643 968 923 1026 mutando
969 967 1231 1026 sordidas
1275 984 1498 1026 merces
1540 968 1997 1041 sustentabatur3
2040 986 2230 1045 neque
2264 977 2350 1026 ta-

351 1085 487 1125 men
527 1066 728 1141 effugit
766 1084 1015 1153 magnae
1054 1064 1316 1125 fortunae
1349 1065 1619 1141 pericula.
1699 1084 1770 1124 ae
1808 1065 1871 1122 ni
1905 1065 2105 1124 Aelius
2143 1065 2350 1124 Lamia
2376 1076 2411 1122 5

351 1175 409 1224 et
438 1164 506 1222 L.
539 1164 849 1240 Apronius,
888 1163 988 1239 qui
1025 1162 1284 1222 Africam
1318 1163 1698 1234 obtinuerant,
1732 1163 2024 1223 insontem
2065 1165 2350 1239 protexis-

279 1286 336 1319 10
353 1273 495 1332 sent,
541 1260 873 1320 claritudine
921 1259 1154 1319 infausti
1207 1261 1433 1336 generis
1485 1271 1547 1319 et
1600 1261 1854 1337 paternis
1901 1261 2154 1320 adversis
2204 1261 2352 1321 foret

351 1362 681 1419 abstractus

432 1465 527 1517 14.
583 1456 643 1516 Is
696 1475 928 1534 quoque
990 1475 1180 1518 annus
1238 1457 1561 1534 legationes
1615 1457 1976 1518 Graecarum
2037 1458 2351 1518 civitatium

350 1555 562 1626 habuit,
613 1554 822 1614 Samiis
879 1556 1137 1626 IunoniS,
1195 1556 1337 1634 Cois
1380 1555 1711 1632 Aesculapii
1767 1556 2005 1615 delubro
2062 1566 2350 1615 vetustum

351 1654 534 1731 asyli
519 1671 607 1711 ius
634 1663 697 1712 ut
723 1654 1040 1712 firmaretur
1066 1635 1411 1731 petentibus.
1495 1652 1675 1712 Samii
1704 1654 1936 1713 decreto
1964 1654 2349 1731 Amphictyo·
2374 1662 2407 1707 2

279 1776 296 1810 1
305 1774 333 1823 5
354 1770 495 1809 num
536 1752 873 1823 nitebantur,
917 1753 1044 1829 quis
1092 1752 1466 1829 praecipuum
1513 1750 1616 1810 fuit
1661 1766 1850 1810 rerum
1899 1753 2160 1810 omnium
2203 1752 2349 1809 iudi-

343 1851 522 1921 -cium,
551 1869 666 1927 qua
707 1860 1047 1927 tempestate
1076 1849 1286 1909 Graeci
1321 1849 1570 1909 conditis
1601 1869 1705 1926 per
1737 1848 1941 1909 Asiam
1977 1850 2214 1909 urbibus
2247 1868 2349 1909 ora

351 1949 524 2008 man's
571 1949 950 2026 potiebantur.
1033 1966 1220 2025 neque
1268 1948 1469 2026 dispar
1512 1948 1667 2025 apud
1716 1946 1877 2008 Coos
1925 1948 2249 2025 antiquitas,
2293 1957 2350 2008 et
2375 1960 2408 2006 3

352 2048 663 2106 accedebat
710 2048 978 2106 meritum
1026 2065 1100 2105 ex
1150 2047 1320 2106 loco:
1379 2064 1519 2105 nam
1567 2047 1721 2105 cives
1772 2045 2080 2105 Romanos
2128 2047 2350 2122 templo

352 2146 680 2223 Aesculapii
742 2146 1100 2217 induxerant,
1165 2162 1301 2203 cum
1358 2145 1516 2204 iussu
1576 2145 1729 2222 regis
1785 2132 2158 2203 Mithridatis¹
2191 2144 2349 2222 apud

276 2267 336 2302 20
353 2233 590 2303 cunctas
631 2245 804 2303 Asiae
844 2243 1057 2302 insulas
1097 2252 1156 2302 et
1195 2244 1366 2302 urbes
1408 2243 1839 2303 trucidarentur.
1921 2243 2089 2302 variis
2133 2242 2344 2301 dehinc
2370 2253 2408 2299 4

351 2353 409 2400 et
451 2343 673 2419 saepius
713 2341 892 2400 inritis
932 2351 1267 2419 praetorum
1318 2343 1626 2418 questibus
1671 2351 1966 2418 postremo
2015 2339 2230 2399 Caesar
2273 2342 2349 2400 de

345 2441 696 2500 inmodestia
722 2439 1063 2498 histrionum
1090 2439 1330 2498 rettulit:
1374 2438 1551 2498 multa
1577 2441 1654 2497 ab
1682 2439 1753 2497 iis
1780 2439 1841 2496 in
1870 2439 2165 2515 publicum
2194 2438 2345 2498 sedi-

350 2539 512 2609 tiose,
541 2537 713 2596 foeda
744 2556 848 2613 per
874 2538 1083 2596 domos
1112 2537 1409 2613 temptari3
1454 2535 1676 2595 Oscum
1710 2537 2008 2614 quondam
2045 2536 2345 2609 ludicrum,

348 2636 666 2695 levissimae
694 2635 850 2712 apud
876 2635 1111 2711 vulgum
1139 2635 1551 2704 oblectationiS,
1582 2653 1654 2694 eo
1680 2635 2029 2711 flagitiorum
2061 2645 2117 2694 et
2144 2635 2346 2693 virium

271 2759 328 2806 25
348 2735 591 2806 venisse,
636 2741 702 2792 ut
738 2734 1073 2792 auctoritate
1128 2743 1355 2809 patrum
1409 2733 1802 2792 coercendum
1855 2733 1945 2791 sit.
2029 2731 2176 2809 pulsi
2219 2743 2345 2790 tum

351 2832 656 2891 histriones
698 2830 880 2890 Italia.

427 2937 522 2990 15.
567 2930 735 3007 Idem
777 2946 963 2988 annus
1007 2928 1120 2988 alio
1168 2945 1400 3004 quoque
1448 2927 1605 2987 luctu
1645 2927 1957 2987 Caesarem
2005 2927 2216 2999 adficit,
2257 2928 2347 2987 al-

347 3038 531 3088 terum
578 3047 652 3088 ex
700 3008 947 3104 geminis
1000 3026 1174 3083 Drusi
1220 3026 1410 3084 liberis
1457 3026 1868 3102 extinguendO,
1917 3043 2103 3102 neque
2151 3025 2346 3084 minus

347 3137 531 3186 morte
573 3126 760 3185 amici.
843 3125 893 3183 is
934 3124 1036 3183 fuit
1077 3123 1327 3182 Lucilius
1372 3121 1631 3200 LonguS,
1674 3123 1936 3183 omnium
1980 3124 2060 3183 illi
2105 3123 2346 3182 tristium
2371 3134 2403 3180 2

271 3249 332 3296 30
348 3227 741 3302 laetorumque
793 3224 984 3282 socius
1030 3240 1291 3299 unusque
1341 3240 1374 3281 e
1424 3222 1781 3281 senatoribus
1825 3221 2040 3282 Rhodii
2087 3239 2348 3282 secessus

348 3341 564 3382 comes.
648 3323 743 3394 ita,
776 3339 1129 3399 quamquam
1162 3339 1314 3381 novo
1351 3320 1595 3392 homini,
1626 3321 1955 3380 censorium
1995 3319 2181 3391 funus,
2225 3320 2343 3378 effi·
2368 3331 2401 3376 3

346 3420 501 3496 giem
535 3420 690 3495 apud
733 3419 919 3478 forum
952 3420 1196 3495 Augusti
1236 3418 1468 3495 publica
1507 3419 1753 3495 pecunia
1793 3427 1981 3494 patres
2023 3417 2341 3491 decrevere,

348 3516 503 3593 apud
536 3533 683 3592 quos
723 3517 898 3576 etiam
932 3524 1052 3576 tum
1094 3526 1303 3576 cuncta
1344 3516 1741 3589 tractabantur,
1778 3516 1927 3574 adeo
1969 3524 2033 3575 ut
2073 3532 2340 3591 procura-
