2594 3925
387 239 499 294 130
827 224 1192 275 CORNELII
1233 224 1324 274 TA
1336 224 1498 274 CJTJ
1531 224 1953 274 ANNALJUM
2028 211 2239 295 [A.u.c.
2267 238 2384 290 773.

382 390 602 447 Drusus
633 386 1009 445 Tarracinam
1040 405 1380 463 progressus
1413 398 1500 445 est
1529 387 1661 446 cum
1690 388 1937 448 Claudio
1965 388 2131 446 fratre
2159 388 2387 445 liberis·
2412 395 2450 439 4

382 504 491 562 que
538 484 886 555 Germanici,
933 485 1030 560 qui
1078 485 1138 542 in
1186 486 1330 543 urbe
1364 484 1607 546 fuerant.
1692 487 1959 546 consules
2002 486 2087 545 M.
2119 486 2390 545 Valerius
2414 495 2448 540 5

380 594 437 642 et
466 583 550 641 M.
579 582 842 642 Aurelius
871 580 1011 661 (iam
1041 582 1197 640 enim
1225 583 1625 659 magistratum
1658 583 2033 663 occeperant)
2062 593 2118 641 et
2147 593 2388 642 senatus

381 701 448 740 ac
491 699 708 757 magna
734 699 868 757 pars
902 680 1101 756 populi
1142 681 1294 738 viam
1340 682 1695 757 conplevere,
1727 682 1945 741 disiecti
1982 693 2038 740 et
2070 692 2133 741 ut
2176 686 2387 758 cuique

331 807 356 854 5
380 781 598 838 libitum
627 779 828 847 flentes
850 798 865 851 ;
911 780 1104 836 aberat
1123 778 1337 855 quippe
1359 779 1629 852 adulatiO‚
1649 782 1843 857 gnaris
1872 781 2142 839 omnibus
2170 780 2388 838 laetam

381 878 620 936 Tiberio
650 876 983 936 Germanici
1011 885 1259 938 mortem
1288 877 1439 935 male
1470 878 1826 936 dissimulari.

461 983 517 1036 3.
562 975 830 1034 Tiberius
894 985 1066 1050 atque
1123 976 1389 1050 Augusta
1456 977 1691 1051 publico
1749 977 2085 1046 abstinuere,
2147 976 2388 1060 inferius

383 1076 678 1133 maiestate
733 1092 838 1132 sua
886 1072 1010 1144 rati,
1056 1072 1102 1129 si
1145 1073 1340 1147 palam
1379 1073 1846 1145 lamentarentur,
1892 1094 1966 1133 an
2006 1094 2081 1133 ne
2120 1076 2388 1134 omnium

383 1174 564 1232 oculis
580 1172 796 1230 vultum
815 1188 1018 1229 eorum
1042 1170 1426 1229 scrutantibus
1447 1170 1575 1229 falsi
1603 1172 2077 1248 intellegerentur.
2136 1182 2389 1230 matrem
2412 1185 2445 1230 2

308 1296 365 1329 10
383 1271 700 1329 Antoniam
749 1287 870 1327 non
914 1269 1071 1343 apud
1127 1277 1392 1326 auctores
1449 1287 1659 1341 rerum,
1702 1287 1825 1328 non
1868 1270 2071 1329 diurna
2126 1279 2389 1328 actorum

384 1370 659 1445 scriptura
686 1368 911 1443 reperio
940 1366 1056 1424 ullo
1079 1365 1293 1442 insigni
1314 1366 1503 1425 officio
1521 1367 1796 1438 functam,
1822 1386 1955 1426 cum
1985 1385 2155 1444 super
2177 1367 2391 1443 Agrip-

383 1468 579 1543 pinam
622 1476 677 1523 et
717 1464 972 1524 Drusum
1016 1474 1073 1523 et
1123 1463 1433 1523 Claudiurn
1476 1467 1647 1523 ceteri
1689 1484 1921 1542 quoque
1966 1464 2391 1540 consanguinei
2467 1489 2470 1490 ⁷

385 1565 726 1624 nominatim
763 1563 1061 1639 perscripti
1106 1563 1239 1633 sint,
1269 1581 1371 1621 seu
1401 1563 1725 1622 valetudine
1767 1563 2252 1640 praepediebatur,
2287 1580 2387 1621 seu

387 1664 567 1722 victus
616 1663 772 1720 luctu
821 1661 1045 1719 animus
1102 1662 1566 1737 magnitudinem
1609 1662 1743 1720 mali
1787 1651 2036 1737 perferre
2085 1662 2211 1720 visu
2267 1679 2389 1719 non

315 1788 368 1836 15
388 1762 656 1821 toleravit.
696 1762 700 1767 ’
756 1759 972 1818 facilius
1007 1759 1348 1818 crediderim
1371 1760 1605 1819 Tiberio
1644 1771 1700 1819 et
1737 1763 2020 1837 Augusta,
2063 1760 2160 1836 qui
2209 1761 2387 1818 domo
2416 1771 2446 1816 3

385 1879 507 1934 non
536 1860 909 1930 excedebant,
941 1858 1270 1931 cohibitam,
1303 1869 1370 1917 ut
1394 1878 1499 1935 par
1536 1878 1764 1918 maeror
1798 1868 1856 1917 et
1888 1858 2083 1917 matris
2112 1859 2387 1934 exemplo

388 1960 513 2018 avia
541 1978 771 2037 quoque
801 1968 857 2017 et
884 1967 1120 2034 patruus
1149 1958 1370 2017 attineri
1399 1958 1736 2018 viderentur.

468 2065 527 2117 4.
570 2057 730 2128 DieS,
774 2075 891 2134 quo
931 2056 1201 2132 reliquiae
1241 2057 1464 2115 tumulo
1493 2057 1741 2133 Augusti
1783 2056 2180 2129 inferebantur,
2210 2059 2389 2118 modo

387 2176 491 2234 per
541 2156 824 2215 silentium
866 2164 1075 2224 vastus,
1118 2154 1297 2213 modo
1341 2156 1659 2232 ploratibus
1702 2156 1965 2232 inquies;
2016 2155 2192 2233 plena
2233 2158 2390 2215 urbis

312 2279 371 2313 20
389 2257 606 2325 itinera,
653 2254 1025 2313 conlucentes
1069 2272 1173 2329 per
1229 2272 1504 2329 campum
1546 2253 1752 2313 Martis
1808 2254 1981 2312 faceS.
2066 2253 2178 2313 illic
2223 2256 2388 2313 miles
2417 2265 2451 2309 2

288 2382 291 2383 ⁷
390 2372 524 2412 cum
568 2354 758 2424 armis,
803 2353 926 2410 sine
976 2351 1297 2427 insignibus
1349 2353 1729 2429 magistratus,
1776 2331 2030 2430 populus
2065 2371 2169 2428 per
2213 2355 2391 2429 tribus

390 2452 714 2510 concidisse
771 2469 893 2509 rem
948 2450 1256 2539 publicam,
1302 2451 1443 2509 nihil
1501 2452 1625 2528 spei
1680 2452 1962 2528 reliquum
2004 2451 2393 2522 clamitabant,

391 2550 716 2627 promptius
771 2549 1135 2629 apertiusque
1191 2568 1371 2627 quam
1434 2560 1496 2609 ut
1551 2551 1881 2609 meminisse
1944 2549 2393 2625 imperitantium

392 2649 670 2707 credereS.
770 2647 910 2704 nihil
965 2656 1162 2706 tamen
1220 2648 1522 2707 Tiberium
1588 2649 1774 2724 magis
1840 2648 2161 2725 penetravit
2217 2665 2392 2723 quam
2418 2660 2449 2705 3

315 2769 370 2820 25
392 2747 580 2806 studia
605 2746 908 2803 hominum
947 2764 1195 2804 accensa
1231 2746 1291 2803 in
1319 2747 1721 2824 Agrippinam,
1753 2764 1890 2806 cum
1933 2745 2111 2803 decus
2153 2746 2392 2820 patriae,

391 2845 577 2904 solum
606 2844 852 2918 Augusti
888 2843 1246 2919 sanguinem,
1283 2845 1523 2903 unicum
1562 2844 1912 2922 antiquitatis
1958 2843 2257 2919 specimen
2289 2862 2395 2919 ap-

391 2943 669 3020 pellarent
695 2942 954 3018 versique
995 2943 1071 3000 ad
1113 2942 1340 3001 caelum
1382 2962 1452 3001 ac
1496 2945 1637 3002 deos
1679 2943 1962 3020 integram
2006 2941 2084 2998 illi
2112 2932 2392 2999 *subolem

391 3061 459 3100 ac
492 3043 852 3117 superstitem
880 3041 1205 3117 iniquorum
1235 3051 1622 3116 precarentur.

335 3210 361 3231 ,ι
474 3148 532 3199 5.
577 3138 757 3198 Fuere
813 3140 911 3215 qui
966 3139 1180 3214 publici
1238 3139 1455 3197 funeris
1498 3157 1778 3214 pompam
1835 3139 2185 3214 requirerent
2228 3157 2393 3198 com-

315 3263 375 3311 30
393 3248 774 3315 pararentque
820 3256 968 3314 quae
1029 3238 1089 3295 in
1132 3237 1390 3294 Drusum
1430 3247 1652 3312 patrem
1696 3237 2029 3295 Germanici
2070 3237 2298 3295 honora
2339 3246 2396 3295 et

393 3337 702 3412 magnifica
730 3337 1025 3411 Augustus
1055 3335 1299 3392 fecisset.
1378 3336 1571 3410 ipsum
1600 3335 1814 3412 quippe
1843 3335 2158 3416 asperrimo
2188 3335 2393 3394 hiemis
2417 3348 2449 3394 2

395 3435 670 3493 Ticinum
716 3451 898 3509 usque
950 3450 1316 3508 progressum
1364 3450 1552 3508 neque
1598 3434 2010 3492 abscedentem
2065 3451 2100 3490 a
2143 3452 2393 3509 corpore

395 3531 564 3589 simul
593 3533 796 3589 urbem
826 3531 1120 3589 intravisse
1137 3550 1154 3603 ;
1200 3530 1577 3590 circumfusas
1615 3531 1768 3591 lecto
1804 3530 2180 3591 Claudiorum
2217 3531 2394 3591 Iulio-
