2594 3925
405 224 510 280 162
846 229 1210 279 CORNELII
1247 230 1513 279 TACJTJ
1549 231 1968 280 ANNALIUM
2044 217 2258 301 [A.u.c.
2299 240 2426 294 775·

397 395 580 463 rogat.
683 386 776 445 ille
819 387 1062 445 multum
1108 386 1182 445 de
1226 387 1532 446 clementia
1578 388 1854 480 principis
1908 387 2198 465 praefatus
2256 405 2429 464 aqua
2452 398 2491 444 8

398 495 570 561 atque
596 485 717 560 igni
747 483 942 543 Silano
970 484 1432 543 interdicendum
1465 486 1690 544 censuit
1725 487 2035 561 ipsumque
2065 484 2126 542 in
2155 485 2427 543 insulam

401 579 661 656 Gyarum
700 580 1094 656 relegandum.
1178 581 1384 640 eadem
1423 582 1615 653 ceteri,
1646 581 1756 640 nisi
1785 580 1946 657 quod
1980 579 2089 638 Cn.
2123 578 2428 638 Lentulus
2453 588 2488 633 3

398 679 720 753 separanda
765 677 938 736 Silani
979 687 1241 739 materna
1281 681 1456 751 bona,
1490 680 1705 756 quippe
1748 679 1884 737 Atia
1924 689 2165 754 parente
2207 679 2423 755 geniti,

349 798 376 848 5
399 776 810 854 reddendaque
839 777 958 836 filio
993 777 1150 849 dixit,
1179 779 1470 836 adnuente
1501 777 1761 837 Tiberi0.

479 882 590 935 69.
658 876 740 934 At
794 874 1101 935 Cornelius
1158 875 1464 935 Dolabella
1520 876 1660 935 dum
1717 876 2108 935 adulationem
2176 875 2423 953 longius

398 974 670 1051 sequitur,
716 974 1005 1049 increpitis
1050 973 1119 1033 C.
1173 974 1352 1033 Silani
1400 976 1656 1034 moribus
1701 974 1936 1047 addidit,
1986 992 2061 1033 ne
2118 976 2249 1050 quis
2299 976 2423 1033 vita

402 1074 715 1150 probrosus
772 1082 831 1130 et
874 1082 1106 1147 opertus
1160 1071 1399 1131 infamia
1453 1073 1807 1149 provinciam
1861 1073 2172 1144 sortiretur,
2231 1071 2419 1149 idque

400 1172 673 1249 princeps
709 1170 1057 1229 diiudicaret.
1148 1189 1287 1229 nam
1324 1190 1361 1229 a
1401 1170 1624 1247 legibus
1664 1170 1872 1229 delicta
1914 1171 2139 1245 puniri:
2189 1181 2418 1246 quanto
2446 1185 2479 1229 2

329 1292 385 1328 10
401 1269 524 1328 fore
551 1270 745 1328 mitius
773 1270 832 1327 in
859 1270 1034 1345 ipsos,
1064 1269 1269 1328 melius
1303 1270 1363 1326 in
1393 1270 1598 1340 sociOS,
1629 1268 1911 1346 provideri
1939 1286 2015 1327 ne
2043 1271 2419 1345 peccaretur?

402 1368 707 1427 adversum
756 1386 905 1443 quae
953 1368 1218 1427 disseruit
1267 1368 1518 1427 Caesar:
1579 1386 1701 1427 non
1755 1367 1994 1445 quidem
2052 1368 2161 1425 sibi
2207 1368 2419 1444 ignara
2444 1383 2477 1428 3

403 1484 552 1543 quae
593 1466 667 1524 de
713 1465 909 1525 Silano
939 1467 1338 1542 vulgabantur,
1370 1468 1474 1526 sed
1508 1486 1630 1526 non
1659 1487 1734 1526 ex
1761 1485 1992 1525 rumore
2023 1466 2416 1525 statuendum.

404 1565 616 1623 multos
659 1564 720 1621 in
773 1564 1082 1640 provinciis
1131 1575 1336 1624 contra
1384 1584 1561 1642 quam
1618 1584 1752 1643 spes
1810 1577 1907 1624 aut
1934 1575 2123 1625 metus
2173 1566 2248 1625 de
2306 1565 2418 1624 illis

407 1663 572 1722 fuerit
599 1663 787 1739 egisse
811 1682 826 1721 ε
858 1663 1101 1748 excitarit
1114 1664 1403 1739 quosdam
1424 1664 1501 1722 ad
1521 1664 1759 1723 meliora
1780 1665 2178 1741 magnitudine
2203 1682 2416 1735 rerum,

332 1786 387 1835 ¹5
407 1761 712 1820 hebescere
752 1760 914 1820 alios.
1000 1779 1190 1838 neque
1227 1773 1403 1837 posse
1443 1763 1767 1841 principem
1796 1781 1902 1822 sua
1929 1764 2170 1822 scientia
2199 1773 2418 1821 cuncta
2442 1779 2478 1823 4

406 1859 731 1937 complecti,
788 1878 976 1935 neque
1038 1860 1311 1937 expedire
1370 1871 1435 1918 ut
1503 1862 1817 1921 ambitione
1887 1862 2072 1920 aliena
2141 1861 2415 1919 trahatur.

352 1990 359 1999 ι
405 1959 541 2019 ideo
577 1959 737 2036 leges
769 1959 829 2017 in
867 1958 1021 2018 facta
1061 1960 1347 2031 constitui,
1377 1960 1513 2038 quia
1549 1960 1738 2019 futura
1776 1961 1835 2019 in
1862 1960 2083 2021 incerto
2111 1960 2245 2019 sint.
2333 1960 2416 2020 sic
2441 1974 2473 2019 5

407 2078 444 2117 a
480 2059 793 2118 maioribus
821 2059 1155 2128 institutum,
1183 2070 1263 2131 ut,
1292 2060 1341 2117 si
1374 2060 1654 2120 antissent
1681 2060 1907 2132 delicta,
1937 2078 2165 2136 poenae
2206 2077 2416 2137 seque-

407 2167 614 2215 rentur.
696 2175 774 2216 ne
827 2167 1110 2216 verterent
1165 2157 1452 2235 sapienter
1499 2168 1724 2234 reperta
1777 2169 1835 2216 et
1890 2176 2116 2233 semper
2171 2158 2416 2234 placita;
2439 2171 2474 2217 6

288 2301 296 2308 .
333 2279 394 2314 20
411 2257 548 2316 satis
589 2274 831 2314 onerum
872 2256 1243 2333 principibuS‚
1274 2257 1411 2316 satis
1454 2258 1629 2316 etiam
1665 2257 1977 2333 potentiae.
2062 2257 2243 2314 minui
2273 2257 2412 2327 iura,

409 2355 677 2432 quotiens
719 2355 924 2429 gliscat
964 2364 1241 2432 potestaS,
1285 2373 1396 2414 nec
1439 2356 1717 2415 utendum
1759 2355 2020 2430 imperi0,
2048 2355 2148 2412 ubi
2189 2354 2414 2431 legibus

410 2455 508 2530 agi
548 2453 750 2529 possit.
828 2465 1046 2529 quanto
1088 2455 1266 2512 rarior
1308 2455 1464 2532 apud
1505 2454 1807 2513 Tiberium
1850 2453 2219 2530 popularitas,
2249 2465 2413 2513 tanto
2436 2465 2467 2514 ’1

408 2552 736 2611 laetioribus
773 2553 980 2611 animis
1036 2564 1295 2628 accepta.
1382 2563 1557 2629 atque
1609 2553 1703 2612 ille
1748 2552 2000 2630 prudens
2057 2552 2412 2623 moderandi,
2436 2564 2468 2608 8

410 2651 461 2709 si
527 2649 759 2726 propria
819 2651 903 2709 ira
962 2669 1085 2711 non
1146 2651 1548 2728 impelleretur,
1607 2652 1824 2711 addidit
1882 2652 2129 2710 insulam
2158 2649 2413 2727 Gyarum

335 2773 393 2822 25
411 2749 673 2808 inmitem
715 2760 774 2807 et
821 2749 946 2809 sine
988 2750 1143 2809 cultu
1185 2749 1488 2808 hominum
1531 2768 1696 2809 esse:
1761 2749 1964 2808 darent
2003 2749 2208 2807 Iuniae
2249 2749 2411 2807 fami-

411 2848 523 2906 liae
576 2858 635 2905 et
674 2847 795 2906 viro
839 2846 1134 2924 quondam
1175 2848 1393 2907 ordinis
1449 2847 1725 2918 eiusdem,
1766 2861 1830 2906 ut
1871 2846 2164 2924 Cythnum
2221 2848 2411 2922 potius

411 2946 774 3007 concederet.
858 2945 918 3004 id
984 2963 1245 3005 sororem
1308 2963 1539 3022 quoque
1606 2944 1781 3003 Silani
1838 2945 2219 3025 Torquatam,
2268 2945 2408 3020 pris·
2430 2957 2461 3003 9

412 3066 519 3108 cae
574 3044 990 3105 sanctimoniae
1040 3045 1336 3121 virginem,
1378 3053 1664 3119 expetere.
1746 3043 1807 3101 in
1862 3043 2014 3103 hanc
2071 3045 2407 3102 sententiam

413 3145 564 3204 facta
597 3142 888 3203 discessio.

334 3266 415 3314 3οΧ
496 3250 602 3305 70.
643 3242 784 3301 Post
820 3240 998 3300 auditi
1028 3239 1409 3317 Cyrenenses,
1438 3251 1497 3300 et
1533 3252 1841 3301 accusante
1878 3240 2172 3299 Anchario
2214 3239 2405 3301 Prisco

413 3342 655 3402 Caesius
684 3339 911 3400 Cordus
938 3338 1382 3415 repetundarum
1414 3341 1735 3399 damnatur.
1779 3339 1844 3397 L.
1875 3338 2132 3397 Ennium
2160 3340 2404 3415 equitem
2427 3350 2456 3395 2

413 3438 766 3509 Romanum,
823 3439 1134 3498 maiestatis
1191 3439 1559 3514 postulatum,
1618 3437 1777 3514 quod
1833 3437 2085 3512 effigiem
2140 3437 2403 3514 principis

411 3537 766 3612 promiscum
795 3537 870 3594 ad
897 3555 1066 3594 usum
1094 3537 1316 3612 argenti
1344 3538 1618 3606 vertisset,
1653 3536 1827 3610 recipi
1859 3535 2076 3593 Caesar
2103 3535 2251 3593 inter
2276 3552 2401 3594 reos
