2594 3925
401 236 513 307 198
851 240 1210 290 CORNELII
1247 239 1339 289 TA
1350 239 1510 288 σιτ]
1538 213 1950 289 ANNALJUM
2048 230 2128 313 [A.
2136 251 2194 292 u.
2204 252 2255 294 c.
2283 252 2391 306 779·

394 396 717 456 liberalibus
746 395 947 456 studiis
981 397 1241 473 praediti,
1273 395 1452 456 ferme
1481 395 1709 470 Graeci,
1738 417 1981 475 quorum
2027 401 2391 459 sermonibus

394 493 685 554 levaretur.
784 494 1040 554 ferebant
1094 495 1258 572 periti
1327 495 1657 555 caelestium
1711 497 1778 555 iis
1834 498 2088 556 motibus
2144 498 2396 557 siderum
2418 514 2465 561 2

395 594 712 652 excessisse
762 594 954 654 Roma
995 593 1311 665 Tiberium,
1355 602 1419 651 ut
1459 593 1671 653 reditus
1713 594 1791 652 illi
1833 605 2155 672 negaretur.
2239 598 2398 656 unde

395 692 550 751 exitii
591 711 766 751 causa
806 692 1000 751 multis
1042 692 1145 750 fuit
1186 710 1500 768 properum
1543 692 1721 751 finem
1748 695 1896 752 vitae
1938 695 2399 753 coniectantibus

341 814 370 863 5
394 791 901 868 vulgantibusque3
946 808 1134 867 neque
1173 790 1332 849 enim
1366 799 1485 848 tam
1530 790 1925 849 incredibilem
1968 810 2169 851 casum
2208 793 2400 869 provi-

396 888 627 958 debant,
668 898 732 946 ut
771 888 1043 947 undecim
1084 906 1188 965 per
1243 905 1433 946 annos
1474 888 1662 947 libens
1717 891 1900 966 patria
1941 900 2169 949 careret.
2254 908 2398 949 mox
2423 909 2465 956 3

395 987 575 1064 patuit
611 988 779 1046 breve
821 986 1137 1045 confinium
1179 986 1313 1045 artis
1352 995 1409 1044 et
1448 986 1594 1058 falsi,
1624 1005 1874 1063 veraque
1917 1006 2096 1064 quam
2135 989 2397 1047 obscuris

395 1093 734 1161 tegerentur.
816 1103 955 1143 nam
1010 1085 1071 1143 in
1124 1085 1328 1142 urbem
1392 1103 1517 1143 non
1579 1104 1973 1162 regressurum
2039 1086 2194 1145 haud
2250 1087 2396 1145 forte
2420 1105 2466 1152 4

396 1183 646 1242 dictum:
691 1192 1024 1261 ⁴ceterorum
1081 1183 1262 1242 nescii
1304 1200 1488 1258 egere,
1536 1201 1671 1243 cum
1727 1184 2058 1260 propinquo
2112 1203 2244 1243 rure
2299 1195 2396 1243 aut

323 1305 379 1340 10
395 1282 558 1340 litore
603 1290 660 1341 et
703 1299 876 1358 saepe
931 1281 1166 1340 moenia
1222 1281 1378 1340 urbis
1419 1281 1690 1340 adsidens
1745 1291 2063 1342 extremam
2105 1292 2396 1343 senectam

395 1380 781 1456 compleverit.

476 1484 581 1538 59.
621 1478 714 1537 Ac
768 1476 914 1537 forte
968 1477 1078 1537 illis
1120 1476 1324 1536 diebus
1380 1477 1639 1537 oblatum
1695 1476 1932 1539 Caesari
1987 1498 2207 1558 anceps
2250 1479 2399 1558 peri-

398 1577 594 1637 culum
655 1576 811 1635 auxit
857 1595 1007 1635 vana
1061 1576 1308 1635 rumoris
1348 1577 1722 1653 praebuitque
1777 1578 1887 1654 ipsi
1934 1579 2251 1649 materiem,
2302 1597 2403 1638 cm·

399 1676 682 1735 amicitiae
739 1675 1211 1751 constantiaeque
1268 1673 1461 1733 Seiani
1503 1676 1691 1751 magis
1731 1676 1947 1736 fideret.
2027 1679 2402 1737 vescebantur
2423 1691 2459 1736 2

325 1798 379 1847 15
399 1775 459 1833 in
500 1774 631 1832 villa
673 1774 764 1833 cui
805 1773 1149 1833 vocabulum
1194 1772 1533 1849 Speluncae,
1577 1792 1738 1833 mare
1780 1774 2212 1835 Amunclanum
2256 1776 2404 1835 inter

398 1881 451 1931 et
475 1872 792 1932 Fundanos
819 1882 1062 1943 montes,
1095 1871 1288 1930 nativo
1325 1872 1386 1931 in
1422 1890 1616 1949 specu.
1701 1872 1822 1932 eius
1861 1891 1929 1933 os
1959 1874 2136 1950 lapsis
2162 1884 2404 1950 repente
2427 1891 2458 1936 3

400 1973 553 2031 saxis
581 1972 769 2031 obruit
797 1971 1080 2048 quosdam
1108 1970 1401 2031 ministros
1428 1991 1442 2030 τ
1485 1971 1620 2031 hinc
1648 1982 1834 2035 metus
1862 1972 1924 2031 in
1951 1990 2158 2047 omnes
2185 1983 2244 2032 et
2264 1973 2405 2050 fuga

401 2089 600 2131 eorum
628 2071 728 2147 qui
765 2069 1090 2129 convivium
1121 2070 1508 2128 celebrabant.
1593 2069 1833 2130 Seianus
1862 2089 2016 2146 genu
2042 2072 2318 2148 vultuque
2346 2081 2405 2130 et
2426 2086 2461 2131 4

401 2168 670 2228 manibus
712 2186 884 2244 super
927 2167 1242 2228 Caesarem
1285 2184 1601 2244 suspensus
1646 2169 1918 2246 opposuit
1974 2186 2102 2228 sese
2143 2169 2404 2228 inciden-

326 2290 388 2327 20
404 2267 571 2338 tibus,
612 2276 782 2343 atque
819 2266 1015 2325 habitu
1058 2266 1157 2324 tali
1192 2275 1451 2342 repertus
1488 2276 1575 2325 est
1613 2285 1650 2324 a
1683 2267 1969 2338 militibus,
2008 2268 2106 2344 qui
2147 2268 2405 2328 subsidio

403 2374 691 2424 venerant.
774 2364 960 2423 maior
1003 2383 1074 2423 ex
1114 2382 1204 2436 e0,
1244 2373 1303 2425 et
1346 2381 1701 2441 quamquam
1738 2365 1980 2424 exitiosa
2022 2365 2306 2437 suaderet,
2342 2376 2408 2425 ut

405 2481 526 2522 non
555 2463 641 2522 sui
669 2463 891 2535 anxius,
923 2480 1056 2521 cum
1094 2461 1208 2520 fide
1252 2461 1602 2522 audiebatur.
1684 2462 2176 2540 adsimulabatque
2204 2465 2408 2523 iudicis
2431 2482 2462 2528 5

406 2568 598 2638 partes
627 2560 928 2620 adversum
958 2560 1296 2620 Germanici
1325 2560 1581 2637 stirpem,
1612 2562 1852 2621 subditis
1880 2563 1979 2638 qui
2006 2572 2409 2622 accusatorum

408 2661 650 2719 nomina
677 2660 1020 2719 sustinerent
1052 2660 1422 2736 maximeque
1451 2660 1861 2718 insectarentur
1887 2659 2185 2719 Neronem
2213 2661 2411 2736 proxi-

337 2782 392 2832 25
411 2777 574 2816 mum
601 2758 955 2818 successioni
991 2767 1063 2829 et,
1093 2776 1450 2835 quamquam
1491 2757 1757 2818 modesta
1787 2759 2032 2830 iuventa,
2071 2760 2421 2836 plerumque

411 2867 607 2916 tamen
661 2856 801 2934 quid
844 2857 906 2914 in
961 2857 1420 2932 praesentiarum
1475 2855 1827 2916 conduceret
1881 2856 2140 2929 oblitum,
2186 2857 2328 2917 dum
2374 2876 2414 2917 a.

412 2957 626 3016 libertis
655 2964 713 3016 et
749 2955 1068 3026 clientibus,
1108 2955 1458 3030 apiscendae
1500 2955 1794 3031 potentiae
1825 2956 2100 3032 properiS,
2140 2956 2412 3014 exstimu-

417 3056 563 3114 latur
621 3063 685 3113 ut
746 3063 1003 3112 erectum
1057 3063 1114 3113 et
1169 3052 1445 3112 fidentem
1505 3053 1682 3112 animi
1735 3053 2093 3114 ostenderet:
2156 3054 2300 3114 velle
2353 3054 2413 3112 id

415 3153 699 3231 populum
727 3151 1077 3224 Romanum,
1108 3170 1322 3228 cupere
1363 3152 1663 3224 exercituS,
1697 3170 1887 3229 neque
1915 3170 2186 3210 ausurum
2215 3162 2413 3212 contra

338 3277 402 3323 30
420 3252 708 3324 Seianum,
730 3250 828 3329 qui
857 3268 1012 3309 nunc
1040 3250 1379 3328 patientiam
1408 3250 1561 3309 senis
1581 3259 1638 3309 et
1666 3250 1972 3327 segnitiam
2001 3251 2222 3310 iuvenis
2257 3251 2413 3310 iuxta

422 3351 670 3411 insultet.

502 3456 604 3510 60.
648 3448 814 3508 Haec
863 3457 1032 3525 atque
1078 3446 1211 3505 talia
1252 3447 1499 3506 audienti
1554 3445 1691 3504 nihil
1735 3445 1967 3522 quidem
2008 3464 2217 3522 pravae
2260 3447 2412 3523 cogi-

422 3548 664 3620 tationiS,
732 3546 836 3608 sed
900 3544 1187 3606 interdum
1241 3563 1414 3606 voces
1469 3544 1865 3622 procedebant
1920 3553 2294 3605 contumaces
2359 3553 2412 3604 et
