2594 3925
196 232 453 315 A.D.18.]
784 242 1017 291 LIBER
1056 242 1135 291 Π.
1206 242 1358 291 CAP.
1406 246 1620 307 52-55·
2092 251 2200 306 113

195 403 353 462 illum
402 382 469 460 iri
510 419 769 479 regressu
818 419 981 460 sacra
1030 399 1471 459 Samothracum
1513 399 1688 458 visere
1729 400 2009 459 nitentem
2049 401 2200 459 obvii

197 501 499 576 aquilones
544 499 828 575 depulere.
913 498 1081 576 igitur
1129 498 1287 558 adito
1333 496 1443 556 Ilio
1490 481 1756 581 quaeque
1811 498 1889 556 ibi
1939 498 2200 557 varietate

199 598 461 657 fortunae
507 607 564 657 et
604 598 782 656 nostri
823 597 1044 674 origine
1083 595 1426 665 veneranda,
1465 596 1660 672 relegit
1701 594 1903 654 Asiam
1943 596 2200 673 adpellit-

145 708 178 752 4
199 715 309 772 que
360 695 732 771 Colophona,
784 704 848 753 ut
896 694 1068 753 Clarii
1115 693 1402 770 Apollinis
1452 693 1684 752 oraculo
1735 702 1998 753 uteretur.
2080 712 2201 753 non

200 794 416 853 femina
452 794 583 865 illic,
621 803 686 852 ut
726 793 884 869 apud
923 791 1209 868 DelphOS,
1254 793 1358 851 sed
1394 792 1563 850 certis
1603 811 1635 850 e
1674 791 1902 850 familiis
1934 800 1992 850 et
2024 793 2200 852 ferme
2224 815 2251 864 5

201 890 407 951 Mileto
464 891 682 950 accitus
738 890 1011 950 sacerdos
1067 908 1372 948 numerum
1422 890 1603 949 modo
1654 889 2102 950 consultantium
2148 900 2204 950 et

202 991 442 1049 nomina
470 989 660 1061 audit3
701 999 824 1048 tum
853 990 914 1046 in
948 1007 1191 1066 specum
1222 988 1543 1065 degressus,
1574 987 1777 1047 hausta
1810 988 1984 1047 fontis
2013 990 2202 1047 arcani

203 1108 368 1165 aqua,
427 1089 660 1165 ignarus
713 1088 1049 1164 plerumque
1112 1086 1403 1144 literarum
1458 1096 1516 1145 et
1569 1087 1894 1145 carminum
1919 1085 2064 1144 ‘edit
2115 1104 2201 1144 re-

203 1204 421 1263 sponsa
477 1186 733 1245 versibus
794 1185 1131 1263 compositis
1183 1202 1357 1260 super
1411 1184 1583 1243 rebus
1632 1201 1776 1261 quas
1825 1183 1954 1260 quis
2009 1192 2200 1242 mente

150 1298 181 1344 5
204 1286 488 1361 concepit.
572 1293 630 1343 et
667 1284 951 1342 ferebatur
980 1282 1334 1342 Germanico
1364 1300 1468 1359 per
1495 1284 1787 1358 ambages,
1815 1290 1880 1340 ut
1914 1299 2045 1340 mos
2072 1299 2200 1340 ora·
2224 1305 2283 1340 ιο

204 1383 360 1453 culis,
393 1392 684 1441 maturum
711 1382 950 1440 exitium
978 1381 1274 1440 cecinisse.

281 1488 389 1541 55.
431 1481 515 1538 At
571 1479 679 1539 Cn.
729 1479 882 1551 Piso,
940 1497 1059 1556 quo
1116 1479 1519 1555 properantius
1576 1478 1857 1539 destinata
1911 1480 2200 1558 inciperet,

206 1581 491 1639 civitatem
532 1577 974 1636 Atheniensium
1015 1576 1244 1635 turbido
1285 1578 1516 1635 incessu
1568 1577 1893 1636 exterritam
1946 1580 2201 1638 oratione

202 1696 373 1736 saeva
400 1678 675 1753 increpat,
704 1675 937 1752 oblique
978 1674 1394 1733 Germanicum
1431 1674 1835 1752 perstringenS,
1863 1676 2026 1752 quod
2063 1695 2204 1736 con·

202 1785 284 1834 tra
341 1776 523 1834 decus
578 1773 836 1832 Romani
892 1773 1144 1832 nominis
1196 1790 1319 1831 non
1378 1771 1763 1832 Athenienses
1811 1781 1897 1831 tot
1931 1772 2201 1833 cladibus
2223 1797 2280 1846 15

201 1873 536 1942 exstinctOS‚
595 1871 728 1945 sed,
756 1870 1083 1930 conluviem
1135 1870 1293 1929 illam
1347 1870 1649 1928 nationum
1704 1870 1974 1929 comitate
2029 1871 2204 1930 nimia

201 1972 508 2032 coluisset:
549 1971 659 2029 hos
687 1971 845 2030 enim
872 1988 1000 2030 esse
1030 1968 1379 2028 Mithridatis
1407 1969 1678 2028 adversus
1710 1968 1945 2040 Sullam,
1969 1968 2204 2030 Antonii

149 2087 181 2132 a
203 2071 478 2129 adversus
520 2069 712 2127 divum
753 2070 1079 2145 Augustum
1122 2068 1330 2126 sociOS.
1416 2067 1588 2126 etiam
1630 2075 1822 2125 vetera
1863 2067 2200 2139 obiectabat,

204 2188 353 2246 quae
400 2169 464 2225 in
509 2166 866 2226 Macedones
914 2168 1266 2243 inprospere,
1311 2165 1587 2224 violenter
1629 2165 1689 2222 in
1735 2182 1873 2223 suos
1917 2164 2202 2237 fecissent,

206 2267 465 2326 offensus
495 2266 620 2324 urbi
655 2266 886 2342 propria
922 2281 1154 2341 quoque
1192 2265 1291 2334 ira,
1322 2264 1457 2339 quia
1484 2261 1879 2339 Theophilum
1914 2262 2204 2339 quendam
2224 2287 2284 2322 πο

206 2365 360 2425 Areo
401 2365 613 2424 iudicio
652 2363 778 2423 falsi
817 2363 1158 2424 damnatum
1194 2363 1462 2439 precibus
1501 2361 1618 2420 suis
1648 2378 1770 2419 non
1797 2362 2199 2422 concederent.

154 2477 183 2522 3
207 2464 360 2522 exim
388 2462 780 2539 ,navigatione
834 2460 1002 2519 celeri
1056 2478 1158 2536 per
1199 2459 1484 2536 Cycladas
1531 2468 1590 2518 et
1642 2459 1992 2535 compendia
2030 2460 2206 2520 maris

204 2561 532 2639 adsequitur
554 2559 971 2619 Germanicum
994 2557 1149 2634 apud
1172 2558 1422 2615 insulam
1445 2556 1741 2628 Rhodum,
1766 2556 1920 2616 haud
1941 2551 2204 2617 nescium

206 2660 414 2736 quibus
454 2656 919 2717 insectationibus
961 2656 1173 2732 petitus
1206 2654 1392 2713 foret:
1438 2642 1734 2713 sed‘tanta
1763 2655 2204 2715 mansuetudine

207 2759 430 2834 agebat,
458 2766 537 2827 ut,
566 2774 700 2815 cum
741 2764 868 2814 orta
906 2762 1219 2830 tempestas
1259 2761 1482 2830 raperet
1523 2752 1583 2809 in
1621 2753 1860 2829 abrupta
1893 2762 2201 2831 possetque
2223 2776 2280 2826 25

209 2857 463 2914 interitus
504 2853 720 2912 inimici
762 2852 837 2912 ad
893 2870 1094 2911 casum
1149 2850 1358 2922 referri,
1401 2850 1614 2908 miserit
1670 2850 1906 2909 triremis
1962 2869 2205 2927 quarum

156 2964 188 3008 4
212 2953 468 3013 subsidio
496 2951 807 3011 discrimini
841 2951 1196 3009 eximeretur.
1280 2966 1473 3024 neque
1508 2957 1703 3006 tamen
1738 2949 2025 3024 mitigatus
2054 2949 2205 3022 Piso,
2246 3003 2252 3009 .

210 3061 267 3110 et
290 3052 387 3110 vix
422 3051 534 3109 diei
573 3067 798 3109 moram
840 3066 1146 3126 perpessus
1187 3047 1394 3124 linquit
1437 3045 1851 3105 Germanicum
1893 3049 2205 3123 praevenit-

213 3168 337 3227 que.
423 3158 480 3207 et
508 3157 816 3224 postquam
846 3146 1072 3205 Suriam
1098 3162 1169 3205 ac
1206 3146 1467 3223 legiones
1506 3144 1703 3220 attigit,
1739 3143 2049 3220 largitione,
2081 3164 2207 3203 am-

214 3248 348 3318 bitu,
391 3247 623 3305 infimos
666 3244 1110 3321 manipularium
1157 3243 1427 3314 iuvando,
1471 3260 1606 3301 cum
1648 3250 1863 3299 veteres
1919 3243 2203 3301 centurio-
2224 3266 2287 3313 30

215 3363 329 3417 nes,
374 3361 601 3402 severos
655 3342 915 3401 tribunos
974 3340 1303 3400 demoveret
1350 3341 1595 3416 locaque
1650 3355 1850 3397 eorum
1908 3337 2207 3399 clientibus

216 3444 325 3501 suis
369 3442 458 3500 vel
501 3441 799 3500 deterrimo
841 3440 1046 3515 cuique
1083 3439 1424 3510 attribueret,
1461 3437 1738 3497 desidiam
1779 3436 1839 3493 in
1885 3438 2101 3511 castris,
2138 3438 2207 3496 li-

217 3541 462 3602 centiam
490 3540 551 3598 in
576 3539 832 3611 urbibuS,
860 3554 1070 3614 vagum
1101 3554 1170 3595 ac
1199 3535 1589 3595 lascivientem
1626 3553 1728 3612 per
1756 3553 1928 3612 agros
1971 3537 2207 3596 militem

1201 3661 1224 3703 1
