2594 3925
138 242 270 283 ω).
312 219 425 305 η]
730 229 965 279 HBER
1004 229 1116 277 [η.
1188 228 1342 275 σΑΡ.
1389 222 1602 291 68-72.
2057 217 2171 290 163

139 391 348 461 vetuit,
407 387 604 465 palam
658 395 1003 463 aspernante
1059 385 1231 444 Ateio
1288 384 1578 463 Capitone
1625 383 1790 461 quasi
1844 400 1951 459 per
2004 382 2172 441 liber-

84 503 116 547 3
141 499 357 547 tatem.
445 503 568 544 non
604 486 760 544 enim
799 484 1010 543 debere
1039 484 1181 559 eripi
1209 484 1464 560 patribus
1494 484 1609 540 vim
1648 482 1955 553 statuendi,
1984 498 2172 558 neque

141 598 389 645 tantum
432 583 783 642 maleficium
822 584 1063 659 impune
1104 581 1457 641 habendum.
1530 599 1679 640 sane
1727 581 1917 639 lentus
1960 581 2023 638 in
2068 597 2174 638 suo

85 697 120 742 4
143 685 366 745 dolore
417 691 604 742 esset:
669 682 751 740 rei
797 681 1061 758 publicae
1097 682 1332 741 iniurias
1379 700 1455 741 ne
1502 681 1815 758 largiretur.
1899 679 2174 742 intellexit

142 784 305 843 haec
337 782 401 841 T
404 781 629 852 iberiuS,
657 790 721 838 ut
763 790 927 840 erant
967 782 1155 858 magis
1199 799 1377 858 quam
1417 790 1481 838 ut
1522 781 1878 851 dicebantur,
1907 778 2174 856 perstitit·
2198 799 2225 848 5

145 900 268 959 que
299 879 675 939 intercedere.
760 878 969 955 Capito
997 880 1321 956 insignitior
1342 879 1582 938 infamia
1609 878 1732 950 fuit,
1752 878 1913 956 quod
1939 876 2176 935 humani

148 980 455 1055 divinique
494 978 629 1036 iuris
666 977 858 1037 sciens
885 977 1183 1053 egregium
1214 978 1511 1055 publicum
1537 989 1596 1036 et
1621 979 1810 1036 bonas
1838 976 2000 1035 domi
2026 985 2174 1034 artes

148 1077 673 1137 dehonestavisset.

235 1183 332 1237 71.
380 1176 626 1235 Incessit
684 1176 819 1234 dein
873 1175 1093 1251 religio,
1149 1193 1410 1253 quonam
1463 1176 1525 1235 in
1577 1175 1802 1252 templo
1858 1173 2172 1235 locandum

152 1276 307 1336 foret
350 1276 591 1344 donum,
620 1274 779 1351 quod
817 1291 924 1350 pro
965 1274 1290 1334 valetudine
1319 1274 1617 1352 Augustae
1650 1275 1872 1352 equites
1917 1272 2172 1332 Romani
2197 1295 2254 1330 10

153 1384 440 1434 voverant
496 1372 744 1449 equestri
800 1370 1130 1431 Fortunae:
1195 1391 1337 1431 nam
1391 1374 1499 1432 etsi
1555 1373 1792 1433 delubra
1845 1373 1969 1431 eius
2030 1372 2171 1430 deae

98 1486 131 1530 2
155 1474 340 1532 multa
368 1472 431 1529 in
457 1472 616 1543 urbe,
644 1470 864 1528 nullum
891 1480 1088 1530 tamen
1115 1472 1214 1529 tali
1242 1482 1639 1549 cognomento
1675 1481 1813 1531 erat.
1882 1481 2172 1549 repertum

158 1583 249 1631 est
288 1571 502 1630 aedem
541 1586 671 1629 esse
712 1568 869 1646 apud
896 1568 1157 1641 Antium,
1188 1588 1340 1646 quae
1379 1571 1463 1629 sic
1494 1580 1939 1647 nuncuparetur,
1972 1579 2171 1629 cunct-

159 1688 340 1747 asque
384 1668 763 1729 caerimonias
805 1667 1021 1726 Italicis
1063 1669 1124 1726 in
1163 1669 1399 1746 oppidis
1426 1671 1756 1747 templaque
1783 1680 1841 1729 et
1869 1670 2172 1727 numinum

161 1769 381 1846 effigies
421 1767 560 1825 iuris
599 1776 771 1842 atque
819 1766 1046 1843 imperii
1095 1766 1354 1826 Romani
1402 1787 1549 1828 esse.
1632 1770 1713 1827 ita
1754 1768 1975 1827 donum
2017 1769 2171 1844 apud
2194 1790 2249 1840 15

107 1882 139 1927 3
162 1868 406 1927 Antium
451 1865 726 1925 statuitur.
808 1874 867 1924 et
915 1866 1194 1942 quoniam
1244 1869 1321 1926 de
1375 1868 1749 1944 religionibus
1806 1868 2169 1936 tractabatur,

162 1968 402 2025 dilatum
445 1983 630 2041 nuper
674 1982 1019 2040 responsum
1064 1965 1338 2025 adversus
1388 1966 1647 2026 Servium
1704 1965 2171 2043 Maluginensem

165 2066 466 2125 flaminem
534 2062 764 2121 Dialem
832 2065 1120 2140 prompsit
1177 2063 1395 2124 Caesar
1448 2065 1816 2142 recitavitque
1878 2064 2171 2123 decretum

163 2164 523 2242 pontificum,
557 2162 824 2238 quotiens
863 2161 1131 2220 valetudo
1173 2162 1415 2223 adversa
1462 2164 1760 2223 flaminem
1801 2162 2032 2221 Dialem
2080 2164 2170 2221 in-

165 2263 449 2333 cessisset,
478 2270 540 2318 ut
579 2260 872 2336 pontificis
915 2260 1156 2319 maximi
1197 2261 1430 2320 arbitrio
1471 2261 1601 2339 plus
1628 2279 1806 2338 quam
1844 2262 2165 2321 ⁴binoctium
2190 2287 2250 2320 20

167 2365 412 2432 abesset,
454 2361 594 2418 dum
634 2378 710 2417 ne
752 2359 955 2418 diebus
997 2359 1215 2436 publici
1257 2361 1521 2419 sacrificii
1562 2378 1678 2418 neu
1720 2360 1949 2436 saepius
1991 2378 2168 2437 quam

166 2461 255 2520 bis
299 2460 554 2518 eundem
598 2458 661 2516 in
705 2475 966 2530 annum3
1031 2475 1178 2533 quae
1228 2458 1491 2535 principe
1539 2459 1806 2534 Augusto
1860 2460 2170 2519 constituta

168 2560 305 2618 satis
345 2558 730 2617 ostendebant
770 2575 1025 2615 annuam
1067 2557 1393 2616 absentiam
1433 2566 1493 2616 et
1529 2557 1955 2633 provinciarum
1984 2558 2167 2617 admi-

112 2672 147 2717 4
169 2656 560 2715 nistrationem
628 2655 892 2714 Dialibus
953 2673 1077 2713 non
1145 2655 1408 2714 concedi.
1495 2656 2034 2732 memorabaturque
2098 2657 2165 2715 L.

170 2755 388 2814 Metelli
426 2755 721 2831 pontificis
761 2754 1001 2813 maximi
1044 2754 1392 2830 exemplum,
1422 2755 1522 2831 qui
1549 2755 1765 2815 Aulum
1806 2754 2164 2814 Postumium
2188 2780 2211 2812 2
2217 2778 2244 2827 5
2271 2742 2280 2752 ’

170 2854 464 2912 flaminem
496 2854 836 2914 attinuisset.
918 2853 997 2911 ita
1027 2871 1152 2913 sors
1179 2853 1356 2913 Asiae
1383 2854 1445 2912 in
1472 2872 1623 2925 eum,
1651 2855 1752 2931 qui
1782 2855 2166 2915 consularium

174 2951 560 3029 Maluginensi
586 2952 888 3029 proximus
916 2961 1054 3022 erat,
1082 2953 1329 3013 conlata.

251 3057 351 3112 72.
391 3049 589 3109 Isdem
629 3050 833 3110 diebus
875 3049 1134 3126 Lepidus
1173 3053 1248 3110 ab
1291 3062 1498 3111 senatu
1537 3053 1737 3129 petivit
1771 3062 1836 3112 ut
1868 3052 2165 3112 basilicam

175 3149 346 3220 Pauli,
371 3150 621 3208 Aemilia
653 3159 1052 3222 monumenta,
1082 3151 1318 3226 propria
1357 3151 1605 3227 pecunia
1638 3151 1887 3209 firmaret
1912 3159 2164 3210 ornaret-

122 3260 156 3306 2
177 3266 299 3324 que.
378 3257 499 3307 erat
550 3248 726 3307 etiam
779 3259 904 3307 tum
959 3248 1021 3305 in
1075 3265 1237 3307 more
1281 3250 1515 3326 publica
1569 3249 1964 3307 munificentia
1977 3267 1993 3320 ;
2052 3267 2160 3307 nec
2182 3273 2245 3320 30

178 3347 460 3423 Augustus
496 3358 753 3406 arcuerat
780 3348 1060 3419 Taurum,
1087 3346 1441 3424 Philippum,
1469 3346 1718 3406 Balbum
1754 3347 1988 3406 hostiles
2027 3365 2162 3405 exu-

178 3446 288 3503 vias
307 3454 399 3502 aut
408 3445 757 3504 exundantis
779 3463 923 3523 opes
945 3453 1210 3504 ornatum
1234 3445 1310 3504 ad
1330 3446 1487 3506 urbis
1514 3455 1573 3504 et
1599 3454 1894 3522 posterum
1921 3444 2165 3521 gloriam

128 3551 159 3596 3
181 3542 440 3602 conferre.
521 3561 640 3620 quo
681 3552 804 3601 tum
846 3544 1119 3620 exemplo
1160 3542 1435 3621 Lepidus,
1479 3560 1830 3619 quamquam
1880 3545 2161 3620 pecuniae

1106 3660 1153 3701 m
1197 3661 1229 3700 2
