2594 3925
344 221 421 277 90
793 212 1156 263 CORNELII
1196 212 1287 263 TA
1299 212 1460 263 CJTJ
1493 209 1916 261 ANNALJUM
1990 196 2069 281 [A.
2079 217 2135 259 u.
2147 218 2197 259 c.
2226 207 2343 271 769.

344 366 536 426 Druso
567 369 733 427 sitam
756 370 1111 430 disiecerant.
1181 370 1418 429 restituit
1446 387 1603 428 aram
1630 367 1950 444 honorique
1978 364 2153 442 patris
2180 363 2343 441 prin·
2369 375 2411 421 4

344 482 482 541 ceps
518 466 641 542 ipse
679 485 812 525 cum
847 468 1172 544 legionibus
1211 468 1566 544 decucurrit3
1617 465 1899 525 tumulum
1940 465 2140 523 iterare
2181 460 2344 519 haud

343 562 543 623 visum.
611 574 669 623 et
696 576 904 625 cuncta
936 568 1084 625 inter
1113 567 1411 626 castellum
1439 566 1738 626 Alisonem
1767 582 1836 622 ac
1871 562 2143 621 Rhenum
2174 559 2345 617 novis
2370 571 2408 616 5

342 660 612 721 limitibus
639 664 1061 741 aggeribusque
1087 665 1429 742 permunita.

290 782 318 831 5
427 766 485 819 8.
535 761 777 839 Iamque
825 763 1023 823 classis
1078 763 1406 836 advenerat,
1452 780 1587 821 cum
1641 762 1957 839 praemisso
2013 762 2347 818 commeatu

342 867 400 916 et
435 858 742 920 distributis
779 861 838 919 in
877 862 1139 938 legiones
1176 880 1246 921 ac
1286 862 1479 920 socios
1516 861 1755 919 navibus
1793 859 2025 929 fossam,
2062 857 2153 917 cui
2189 855 2344 913 Dru·
2375 921 2384 924 Ἴ

344 955 539 1017 sianae
580 978 814 1031 nomen,
845 960 1138 1036 ingressus
1179 971 1561 1037 precatusque
1603 959 1858 1017 Drusum
1898 966 2137 1034 patrem,
2174 964 2238 1011 ut
2281 971 2345 1011 se

343 1054 548 1114 eadem
590 1075 792 1116 ausum
834 1058 1019 1117 libens
1060 1060 1434 1136 placatusque
1473 1058 1743 1133 exemplo
1781 1075 1850 1115 ac
1888 1053 2168 1113 memoria
2201 1069 2346 1109 con-

345 1154 598 1213 siliorum
633 1166 803 1233 atque
833 1175 1076 1234 operum
1113 1158 1345 1230 iuvaret,
1372 1158 1532 1216 lacus
1573 1156 1707 1214 inde
1743 1164 1799 1214 et
1827 1154 2130 1215 Oceanum
2158 1168 2347 1227 usque

270 1274 328 1309 10
347 1252 422 1310 ad
459 1251 744 1311 Amisiam
782 1255 999 1315 flumen
1039 1256 1292 1315 secunda
1331 1255 1697 1332 navigatione
1733 1252 2075 1331 pervehitur.
2141 1249 2348 1309 classis
2374 1263 2412 1309 2

343 1348 600 1409 Amisiae
630 1370 721 1409 ore
759 1353 956 1412 relicta
992 1354 1156 1413 laevo
1200 1346 1394 1425 amne,
1422 1363 1780 1430 erratumque
1818 1352 1879 1410 in
1919 1369 1991 1410 eo
2019 1349 2179 1426 quod
2222 1366 2358 1407 non.

345 1449 606 1508 subvexit
634 1457 736 1508 aut
772 1453 1126 1529 transposuit
1153 1453 1396 1511 militem
1426 1453 1655 1512 dextras
1682 1452 1744 1508 in
1772 1460 1949 1509 terras
1978 1450 2224 1520 iturum3
2267 1447 2351 1505 ita

344 1545 536 1622 plures
564 1546 686 1606 dies
717 1549 1027 1609 efficiendis
1055 1552 1331 1628 pontibus
1360 1550 1665 1627 absumpti.
1723 1559 1781 1608 et
1808 1566 1985 1625 eques
2013 1546 2247 1623 quidem
2278 1564 2349 1604 ac
2375 1562 2413 1608 8

343 1643 604 1719 legiones
643 1647 829 1722 prima
862 1650 1154 1721 aestuaria,
1186 1649 1449 1709 nondum
1477 1649 1848 1707 adcrescente
1876 1645 2050 1715 unda,
2079 1643 2350 1719 intrepidi

272 1764 326 1814 15
346 1743 652 1803 transiere:
695 1756 1052 1821 postremum
1093 1748 1434 1807 auxiliorum
1474 1765 1688 1823 agmen
1730 1744 2042 1820 Batavique
2085 1743 2146 1800 in
2184 1750 2352 1819 parte

336 1858 434 1911 ea,
466 1842 606 1900 dum
647 1843 922 1904 insultant
958 1846 1122 1922 aquis
1156 1857 1454 1923 artemque
1497 1845 1674 1904 nandi
1715 1851 2022 1914 ostentant,
2052 1841 2259 1900 turbati
2294 1851 2353 1898 et

348 1938 585 2016 quidam
629 1940 815 2001 hausti
862 1954 1012 2004 sunt.
1096 1944 1337 2004 metanti
1378 1953 1563 2004 castra
1597 1941 1829 2003 Caesari
1855 1938 2353 2017 Ampsivariorum
2375 1957 2417 2004 4

351 2038 594 2098 defectio
625 2059 660 2099 a
688 2051 852 2117 tergo
891 2043 1218 2101 nuntiatur:
1261 2043 1473 2102 missus
1511 2043 1640 2101 ilico
1670 2040 1968 2100 Stertinius
1996 2056 2129 2097 cum
2157 2037 2353 2115 equite

350 2146 407 2194 et
434 2132 720 2197 armatura
747 2138 867 2196 levi
884 2140 1020 2216 igne
1049 2150 1107 2199 et
1134 2141 1409 2200 caedibus
1435 2140 1735 2217 perfidiam
1762 2139 1913 2197 ultus
1942 2145 2043 2197 est.

273 2255 334 2289 20
436 2241 497 2293 9.
540 2235 784 2295 Flumen
825 2237 1090 2315 Visurgis
1143 2237 1449 2297 Romanos
1493 2237 1931 2313 Cheruscosque
1966 2233 2354 2323 interfluebat.

348 2331 470 2390 eius
504 2332 562 2389 in
597 2334 722 2410 ripa
751 2353 885 2393 cum
924 2337 1126 2396 ceteris
1162 2337 1509 2413 primoribus
1536 2336 1829 2394 Arminius
1866 2333 2094 2402 adstitit,
2124 2332 2357 2408 quaesi-

348 2438 521 2505 toque
550 2449 627 2488 an
656 2432 869 2492 Caesar
896 2435 1160 2506 venisset,
1190 2444 1502 2512 postquam
1536 2434 1737 2492 adesse
1776 2448 2119 2507 responsum
2156 2438 2260 2501 est,
2288 2437 2356 2486 ut

349 2526 541 2586 liceret
570 2547 706 2587 cum
733 2529 902 2590 fratre
938 2532 1213 2608 conloqui
1240 2533 1437 2590 oravit.
1520 2541 1641 2589 erat
1676 2531 1724 2589 is
1759 2530 1821 2588 in
1852 2529 2102 2588 exercitu
2129 2544 2354 2605 cogno·
2379 2542 2414 2589 2

349 2635 545 2684 mento
573 2625 797 2699 Flavu8‚
826 2629 1068 2705 insignis
1097 2630 1209 2689 fide
1239 2639 1297 2688 et
1335 2629 1549 2687 amisso
1591 2628 1693 2705 pe‘r
1720 2627 1923 2687 vulnus
1951 2627 2122 2685 oculo
2151 2625 2354 2702 paucis

274 2744 330 2793 25
352 2732 483 2780 ante
513 2724 680 2783 annis
711 2725 857 2784 duce
882 2726 1137 2786 Tiberio.
1180 2737 1303 2785 turn
1332 2721 1617 2802 permissu
1639 2724 1700 2758 ²⁸*
1722 2741 2175 2801 progressusque
2205 2723 2353 2780 salu·
2380 2739 2414 2784 3

352 2829 498 2878 tatur
527 2823 602 2878 ab
629 2821 895 2882 Arminio
919 2843 936 2895 3
981 2825 1078 2899 qui
1113 2825 1322 2883 amotis
1352 2823 1734 2903 stipatoribus,
1762 2833 1826 2880 ut
1856 2820 2127 2896 sagittarii
2155 2828 2356 2879 nostra

352 2935 458 3005 pro
486 2918 611 2995 ripa
641 2920 900 2996 dispositi
938 2923 1318 2982 abscederent
1356 2908 1625 2999 postulat,
1657 2930 1714 2980 et
1751 2931 2063 2997 postquam
2093 2918 2352 2994 digressi,

353 3002 506 3075 unde
533 3036 605 3076 ea
625 3018 959 3078 deformitas
982 3020 1096 3079 oris
1125 3021 1441 3097 interrogat
1461 3020 1710 3078 fratrem.
1752 3018 1851 3076 illo
1878 3018 2073 3076 locum
2100 3024 2157 3074 et
2184 3033 2354 3091 proe-
2378 3033 2416 3079 4

351 3115 491 3172 lium
519 3116 817 3188 referente,
847 3117 1148 3192 quodnam
1191 3119 1514 3195 praemium
1550 3117 1858 3193 recepisset
1892 3114 2151 3192 exquirit.
2223 3113 2352 3171 Fla·
2379 3131 2414 3176 5

276 3233 339 3282 30
356 3230 460 3270 vus
511 3224 678 3272 aucta
727 3214 1029 3291 stipendia,
1074 3225 1342 3291 torquem
1391 3228 1447 3275 et
1496 3232 1773 3274 coronam
1821 3213 2045 3289 aliaque
2091 3211 2355 3269 militaria

355 3309 511 3368 dona
538 3323 838 3383 memorat,
869 3313 1153 3372 inridente
1181 3313 1444 3371 Arminio
1474 3313 1602 3371 vilia
1630 3311 1835 3370 servitii
1862 3312 2063 3388 pretia.

434 3412 532 3467 10.
575 3409 750 3466 Exim
790 3410 995 3487 Qersi
1034 3410 1349 3482 ordiuntur,
1377 3410 1471 3469 hic
1512 3409 1970 3486 magnitudinem
2003 3407 2356 3480 Romanam,

354 3505 793 3580 opesCaesaris
827 3519 886 3568 et
912 3509 1073 3568 victis
1115 3525 1321 3584 graves
1363 3526 1602 3584 poenaS,
1631 3507 1689 3564 in
1728 3505 2080 3565 deditionem
2106 3503 2354 3564 venienti
