<?xml version="1.0" encoding="UTF-8"?>
<!DOCTYPE html PUBLIC "-//W3C//DTD XHTML 1.0 Transitional//EN"
    "http://www.w3.org/TR/xhtml1/DTD/xhtml1-transitional.dtd">
<html xmlns="http://www.w3.org/1999/xhtml" xml:lang="en" lang="en">
 <head>
  <title>
</title>
<meta http-equiv="Content-Type" content="text/html;charset=utf-8" />
  <meta name='ocr-system' content='tesseract 3.04.00' />
  <meta name='ocr-capabilities' content='ocr_page ocr_carea ocr_par ocr_line ocrx_word'/>
</head>
<body>
  <div class='ocr_page' id='page_1' title='image "./annalium00tacigoog_0078.png"; bbox 0 0 2594 3925; ppageno 0'>
   <div class='ocr_carea' id='block_1_1' title="bbox 356 157 2370 246">
    <p class='ocr_par' dir='ltr' id='par_1_1' title="bbox 356 157 2370 246">
     <span class='ocr_line' id='line_1_1' title="bbox 356 157 2370 246; baseline 0.001 -24"><span class='ocrx_word' id='word_1_1' title='bbox 356 166 433 238; x_wconf 87' lang='lat'>64</span> <span class='ocrx_word' id='word_1_2' title='bbox 763 171 1129 224; x_wconf 79' lang='lat' dir='ltr'><em>CORNELII</em></span> <span class='ocrx_word' id='word_1_3' title='bbox 1169 171 1259 222; x_wconf 82' lang='lat' dir='ltr'>TA</span> <span class='ocrx_word' id='word_1_4' title='bbox 1268 172 1432 224; x_wconf 71' lang='lat' dir='ltr'>etr!</span> <span class='ocrx_word' id='word_1_5' title='bbox 1461 171 1884 225; x_wconf 76' lang='lat' dir='ltr'><em>ANNALJUM</em></span> <span class='ocrx_word' id='word_1_6' title='bbox 1998 157 2208 246; x_wconf 48' lang='lat' dir='ltr'>[nme.</span> <span class='ocrx_word' id='word_1_7' title='bbox 2243 170 2370 237; x_wconf 74' lang='lat'><strong>⁷⁶⁷·</strong></span> 
     </span>
    </p>
   </div>
   <div class='ocr_carea' id='block_1_2' title="bbox 269 328 2444 3555">
    <p class='ocr_par' dir='ltr' id='par_1_2' title="bbox 351 328 2444 703">
     <span class='ocr_line' id='line_1_2' title="bbox 354 328 2365 408; baseline 0.002 -22"><span class='ocrx_word' id='word_1_8' title='bbox 354 328 600 404; x_wconf 86' lang='lat' dir='ltr'>agmine,</span> <span class='ocrx_word' id='word_1_9' title='bbox 645 346 778 387; x_wconf 90' lang='lat' dir='ltr'>cum</span> <span class='ocrx_word' id='word_1_10' title='bbox 819 328 944 388; x_wconf 90' lang='lat' dir='ltr'>fisci</span> <span class='ocrx_word' id='word_1_11' title='bbox 989 329 1062 388; x_wconf 90' lang='lat' dir='ltr'>de</span> <span class='ocrx_word' id='word_1_12' title='bbox 1112 330 1464 406; x_wconf 84' lang='lat' dir='ltr'>imperatore</span> <span class='ocrx_word' id='word_1_13' title='bbox 1507 331 1656 408; x_wconf 93' lang='lat' dir='ltr'>rapti</span> <span class='ocrx_word' id='word_1_14' title='bbox 1695 332 1844 390; x_wconf 89' lang='lat' dir='ltr'>inter</span> <span class='ocrx_word' id='word_1_15' title='bbox 1884 330 2050 408; x_wconf 89' lang='lat' dir='ltr'>signa</span> <span class='ocrx_word' id='word_1_16' title='bbox 2088 331 2365 408; x_wconf 89' lang='lat' dir='ltr'>interque</span> 
     </span>
     <span class='ocr_line' id='line_1_3' title="bbox 354 427 2444 508; baseline 0.003 -23"><span class='ocrx_word' id='word_1_17' title='bbox 354 427 569 503; x_wconf 91' lang='lat' dir='ltr'>aquilas</span> <span class='ocrx_word' id='word_1_18' title='bbox 622 427 978 487; x_wconf 86' lang='lat' dir='ltr'>veherentur.</span> <span class='ocrx_word' id='word_1_19' title='bbox 1063 428 1445 490; x_wconf 89' lang='lat' dir='ltr'>Germanicus</span> <span class='ocrx_word' id='word_1_20' title='bbox 1499 433 1856 508; x_wconf 89' lang='lat' dir='ltr'>superiorem</span> <span class='ocrx_word' id='word_1_21' title='bbox 1911 431 1986 490; x_wconf 91' lang='lat' dir='ltr'>ad</span> <span class='ocrx_word' id='word_1_22' title='bbox 2040 430 2363 501; x_wconf 80' lang='lat' dir='ltr'>exercitum</span> <span class='ocrx_word' id='word_1_23' title='bbox 2393 443 2444 492; x_wconf 75' lang='lat'><em>4</em></span> 
     </span>
     <span class='ocr_line' id='line_1_4' title="bbox 354 525 2363 602; baseline 0.001 -19"><span class='ocrx_word' id='word_1_24' title='bbox 354 525 643 602; x_wconf 89' lang='lat' dir='ltr'>profectus</span> <span class='ocrx_word' id='word_1_25' title='bbox 681 526 996 584; x_wconf 89' lang='lat' dir='ltr'>secundam</span> <span class='ocrx_word' id='word_1_26' title='bbox 1023 536 1082 585; x_wconf 90' lang='lat' dir='ltr'>et</span> <span class='ocrx_word' id='word_1_27' title='bbox 1109 529 1332 586; x_wconf 84' lang='lat' dir='ltr'>tertiam</span> <span class='ocrx_word' id='word_1_28' title='bbox 1372 529 1680 588; x_wconf 82' lang='lat' dir='ltr'>decumam</span> <span class='ocrx_word' id='word_1_29' title='bbox 1707 538 1765 588; x_wconf 95' lang='lat' dir='ltr'>et</span> <span class='ocrx_word' id='word_1_30' title='bbox 1793 538 2017 587; x_wconf 85' lang='lat' dir='ltr'>sextam</span> <span class='ocrx_word' id='word_1_31' title='bbox 2044 528 2363 587; x_wconf 84' lang='lat' dir='ltr'>decumam</span> 
     </span>
     <span class='ocr_line' id='line_1_5' title="bbox 351 624 2434 703; baseline 0.002 -22"><span class='ocrx_word' id='word_1_32' title='bbox 351 624 606 700; x_wconf 82' lang='lat' dir='ltr'>legiones</span> <span class='ocrx_word' id='word_1_33' title='bbox 653 624 791 683; x_wconf 88' lang='lat' dir='ltr'>nihil</span> <span class='ocrx_word' id='word_1_34' title='bbox 828 634 1124 683; x_wconf 86' lang='lat' dir='ltr'>cunctatas</span> <span class='ocrx_word' id='word_1_35' title='bbox 1159 637 1521 686; x_wconf 89' lang='lat' dir='ltr'>sacramento</span> <span class='ocrx_word' id='word_1_36' title='bbox 1563 627 1756 703; x_wconf 86' lang='lat' dir='ltr'>adigit.</span> <span class='ocrx_word' id='word_1_37' title='bbox 1841 626 2362 703; x_wconf 88' lang='lat' dir='ltr'>quartadecumani</span> <span class='ocrx_word' id='word_1_38' title='bbox 2392 639 2434 685; x_wconf 81' lang='grc'><strong>5</strong></span> 
     </span>
    </p>

    <p class='ocr_par' dir='ltr' id='par_1_3' title="bbox 300 710 2361 881">
     <span class='ocr_line' id='line_1_6' title="bbox 300 710 2361 802; baseline 0 -21"><span class='ocrx_word' id='word_1_39' title='bbox 300 746 326 793; x_wconf 85' lang='lat'>5</span> <span class='ocrx_word' id='word_1_40' title='bbox 348 723 582 798; x_wconf 91' lang='lat' dir='ltr'>paulum</span> <span class='ocrx_word' id='word_1_41' title='bbox 622 710 1049 782; x_wconf 80' lang='lat' dir='ltr'>dubitaverant:</span> <span class='ocrx_word' id='word_1_42' title='bbox 1093 725 1342 800; x_wconf 91' lang='lat' dir='ltr'>pecunia</span> <span class='ocrx_word' id='word_1_43' title='bbox 1377 734 1434 784; x_wconf 91' lang='lat' dir='ltr'>et</span> <span class='ocrx_word' id='word_1_44' title='bbox 1475 726 1675 785; x_wconf 91' lang='lat' dir='ltr'>missio</span> <span class='ocrx_word' id='word_1_45' title='bbox 1719 725 1979 802; x_wconf 90' lang='lat' dir='ltr'>quamvis</span> <span class='ocrx_word' id='word_1_46' title='bbox 2020 742 2143 782; x_wconf 92' lang='lat' dir='ltr'>non</span> <span class='ocrx_word' id='word_1_47' title='bbox 2184 723 2361 799; x_wconf 85' lang='lat' dir='ltr'>flagi-</span> 
     </span>
     <span class='ocr_line' id='line_1_7' title="bbox 349 822 985 881; baseline 0.003 -2"><span class='ocrx_word' id='word_1_48' title='bbox 349 822 598 880; x_wconf 91' lang='lat' dir='ltr'>tantibus</span> <span class='ocrx_word' id='word_1_49' title='bbox 640 823 838 881; x_wconf 89' lang='lat' dir='ltr'>oblata</span> <span class='ocrx_word' id='word_1_50' title='bbox 880 831 985 881; x_wconf 91' lang='lat' dir='ltr'>est.</span> 
     </span>
    </p>

    <p class='ocr_par' dir='ltr' id='par_1_4' title="bbox 345 919 2426 1193">
     <span class='ocr_line' id='line_1_8' title="bbox 428 919 2361 998; baseline -0.001 -19"><span class='ocrx_word' id='word_1_51' title='bbox 428 926 530 979; x_wconf 84' lang='lat'>38.</span> <span class='ocrx_word' id='word_1_52' title='bbox 574 920 654 979; x_wconf 85' lang='lat' dir='ltr'>At</span> <span class='ocrx_word' id='word_1_53' title='bbox 693 920 755 978; x_wconf 93' lang='lat' dir='ltr'>in</span> <span class='ocrx_word' id='word_1_54' title='bbox 787 919 1040 979; x_wconf 88' lang='lat' dir='ltr'>Chaucis</span> <span class='ocrx_word' id='word_1_55' title='bbox 1079 931 1420 998; x_wconf 88' lang='lat' dir='ltr'>coeptavere</span> <span class='ocrx_word' id='word_1_56' title='bbox 1455 922 1799 981; x_wconf 87' lang='lat' dir='ltr'>seditionem</span> <span class='ocrx_word' id='word_1_57' title='bbox 1836 920 2188 998; x_wconf 88' lang='lat' dir='ltr'>praesidium</span> <span class='ocrx_word' id='word_1_58' title='bbox 2231 921 2361 996; x_wconf 87' lang='lat' dir='ltr'>agi-</span> 
     </span>
     <span class='ocr_line' id='line_1_9' title="bbox 347 1017 2361 1096; baseline 0 -21"><span class='ocrx_word' id='word_1_59' title='bbox 347 1027 532 1077; x_wconf 92' lang='lat' dir='ltr'>tantes</span> <span class='ocrx_word' id='word_1_60' title='bbox 579 1018 855 1076; x_wconf 89' lang='lat' dir='ltr'>vexillarii</span> <span class='ocrx_word' id='word_1_61' title='bbox 904 1017 1257 1077; x_wconf 91' lang='lat' dir='ltr'>discordium</span> <span class='ocrx_word' id='word_1_62' title='bbox 1307 1019 1603 1095; x_wconf 88' lang='lat' dir='ltr'>legionum</span> <span class='ocrx_word' id='word_1_63' title='bbox 1649 1029 1708 1078; x_wconf 91' lang='lat' dir='ltr'>et</span> <span class='ocrx_word' id='word_1_64' title='bbox 1761 1020 2048 1096; x_wconf 88' lang='lat' dir='ltr'>praesenti</span> <span class='ocrx_word' id='word_1_65' title='bbox 2106 1018 2361 1078; x_wconf 88' lang='lat' dir='ltr'>duorum</span> 
     </span>
     <span class='ocr_line' id='line_1_10' title="bbox 345 1115 2426 1193; baseline 0 -19"><span class='ocrx_word' id='word_1_66' title='bbox 345 1116 589 1174; x_wconf 88' lang='lat' dir='ltr'>militum</span> <span class='ocrx_word' id='word_1_67' title='bbox 623 1115 902 1192; x_wconf 91' lang='lat' dir='ltr'>supplicio</span> <span class='ocrx_word' id='word_1_68' title='bbox 935 1115 1171 1191; x_wconf 90' lang='lat' dir='ltr'>paulum</span> <span class='ocrx_word' id='word_1_69' title='bbox 1203 1119 1449 1193; x_wconf 89' lang='lat' dir='ltr'>repressi</span> <span class='ocrx_word' id='word_1_70' title='bbox 1486 1128 1636 1177; x_wconf 91' lang='lat' dir='ltr'>sunt.</span> <span class='ocrx_word' id='word_1_71' title='bbox 1719 1119 1961 1177; x_wconf 89' lang='lat' dir='ltr'>iusserat</span> <span class='ocrx_word' id='word_1_72' title='bbox 1997 1117 2057 1176; x_wconf 91' lang='lat' dir='ltr'>id</span> <span class='ocrx_word' id='word_1_73' title='bbox 2095 1117 2201 1176; x_wconf 88' lang='grc' dir='ltr'>Μ’.</span> <span class='ocrx_word' id='word_1_74' title='bbox 2231 1116 2357 1174; x_wconf 90' lang='lat' dir='ltr'>En·</span> <span class='ocrx_word' id='word_1_75' title='bbox 2383 1128 2426 1175; x_wconf 76' lang='lat'>2</span> 
     </span>
    </p>

    <p class='ocr_par' dir='ltr' id='par_1_5' title="bbox 272 1209 2421 1683">
     <span class='ocr_line' id='line_1_11' title="bbox 272 1209 2359 1292; baseline 0.001 -21"><span class='ocrx_word' id='word_1_76' title='bbox 272 1237 329 1272; x_wconf 85' lang='lat'>10</span> <span class='ocrx_word' id='word_1_77' title='bbox 347 1215 476 1272; x_wconf 90' lang='lat' dir='ltr'>nius</span> <span class='ocrx_word' id='word_1_78' title='bbox 517 1225 834 1273; x_wconf 90' lang='lat' dir='ltr'>castrorum</span> <span class='ocrx_word' id='word_1_79' title='bbox 875 1209 1216 1289; x_wconf 76' lang='lat' dir='ltr'>praefectuS,</span> <span class='ocrx_word' id='word_1_80' title='bbox 1254 1216 1428 1273; x_wconf 92' lang='lat' dir='ltr'>bono</span> <span class='ocrx_word' id='word_1_81' title='bbox 1459 1216 1645 1291; x_wconf 90' lang='lat' dir='ltr'>magis</span> <span class='ocrx_word' id='word_1_82' title='bbox 1678 1215 1949 1292; x_wconf 90' lang='lat' dir='ltr'>exemplo</span> <span class='ocrx_word' id='word_1_83' title='bbox 1990 1232 2169 1291; x_wconf 90' lang='lat' dir='ltr'>quam</span> <span class='ocrx_word' id='word_1_84' title='bbox 2211 1233 2359 1274; x_wconf 89' lang='lat' dir='ltr'>con-</span> 
     </span>
     <span class='ocr_line' id='line_1_12' title="bbox 347 1310 2421 1390; baseline 0 -19"><span class='ocrx_word' id='word_1_85' title='bbox 347 1328 511 1371; x_wconf 89' lang='lat' dir='ltr'>cesso</span> <span class='ocrx_word' id='word_1_86' title='bbox 540 1312 676 1369; x_wconf 92' lang='lat' dir='ltr'>iure.</span> <span class='ocrx_word' id='word_1_87' title='bbox 761 1310 970 1368; x_wconf 92' lang='lat' dir='ltr'>deinde</span> <span class='ocrx_word' id='word_1_88' title='bbox 1003 1311 1422 1371; x_wconf 90' lang='lat' dir='ltr'>intumescente</span> <span class='ocrx_word' id='word_1_89' title='bbox 1460 1322 1625 1371; x_wconf 90' lang='lat' dir='ltr'>motu</span> <span class='ocrx_word' id='word_1_90' title='bbox 1651 1314 1933 1390; x_wconf 89' lang='lat' dir='ltr'>profugus</span> <span class='ocrx_word' id='word_1_91' title='bbox 1961 1322 2355 1390; x_wconf 89' lang='lat' dir='ltr'>repertusque,</span> <span class='ocrx_word' id='word_1_92' title='bbox 2384 1327 2421 1372; x_wconf 83' lang='grc'>3</span> 
     </span>
     <span class='ocr_line' id='line_1_13' title="bbox 346 1409 2366 1487; baseline 0.001 -18"><span class='ocrx_word' id='word_1_93' title='bbox 346 1420 658 1487; x_wconf 91' lang='lat' dir='ltr'>postquam</span> <span class='ocrx_word' id='word_1_94' title='bbox 696 1409 909 1467; x_wconf 89' lang='lat' dir='ltr'>intutae</span> <span class='ocrx_word' id='word_1_95' title='bbox 947 1409 1211 1481; x_wconf 89' lang='lat' dir='ltr'>latebrae,</span> <span class='ocrx_word' id='word_1_96' title='bbox 1251 1412 1601 1486; x_wconf 89' lang='lat' dir='ltr'>praesidium</span> <span class='ocrx_word' id='word_1_97' title='bbox 1638 1413 1715 1470; x_wconf 92' lang='lat' dir='ltr'>ab</span> <span class='ocrx_word' id='word_1_98' title='bbox 1748 1412 1991 1471; x_wconf 91' lang='lat' dir='ltr'>audacia</span> <span class='ocrx_word' id='word_1_99' title='bbox 2026 1421 2321 1472; x_wconf 89' lang='lat' dir='ltr'>mutuatur</span> <span class='ocrx_word' id='word_1_100' title='bbox 2348 1430 2366 1472; x_wconf 69' lang='grc' dir='ltr'><strong>ε</strong></span> 
     </span>
     <span class='ocr_line' id='line_1_14' title="bbox 347 1507 2358 1583; baseline -0 -15"><span class='ocrx_word' id='word_1_101' title='bbox 347 1527 468 1567; x_wconf 88' lang='lat' dir='ltr'>non</span> <span class='ocrx_word' id='word_1_102' title='bbox 523 1507 878 1583; x_wconf 90' lang='lat' dir='ltr'>praefectum</span> <span class='ocrx_word' id='word_1_103' title='bbox 934 1509 1010 1566; x_wconf 86' lang='lat' dir='ltr'>ab</span> <span class='ocrx_word' id='word_1_104' title='bbox 1063 1509 1148 1580; x_wconf 90' lang='lat' dir='ltr'>iis,</span> <span class='ocrx_word' id='word_1_105' title='bbox 1194 1509 1299 1567; x_wconf 90' lang='lat' dir='ltr'>sed</span> <span class='ocrx_word' id='word_1_106' title='bbox 1354 1508 1770 1568; x_wconf 87' lang='lat' dir='ltr'>Germanicum</span> <span class='ocrx_word' id='word_1_107' title='bbox 1827 1509 2053 1582; x_wconf 89' lang='lat' dir='ltr'>ducem,</span> <span class='ocrx_word' id='word_1_108' title='bbox 2099 1510 2203 1569; x_wconf 89' lang='lat' dir='ltr'>sed</span> <span class='ocrx_word' id='word_1_109' title='bbox 2253 1510 2358 1568; x_wconf 89' lang='lat' dir='ltr'>Ti-</span> 
     </span>
     <span class='ocr_line' id='line_1_15' title="bbox 347 1606 2419 1683; baseline 0 -17"><span class='ocrx_word' id='word_1_110' title='bbox 347 1607 568 1666; x_wconf 91' lang='lat' dir='ltr'>berium</span> <span class='ocrx_word' id='word_1_111' title='bbox 600 1607 1009 1683; x_wconf 89' lang='lat' dir='ltr'>imperatorem</span> <span class='ocrx_word' id='word_1_112' title='bbox 1041 1607 1252 1666; x_wconf 91' lang='lat' dir='ltr'>violari.</span> <span class='ocrx_word' id='word_1_113' title='bbox 1336 1607 1506 1665; x_wconf 91' lang='lat' dir='ltr'>simul</span> <span class='ocrx_word' id='word_1_114' title='bbox 1542 1606 1822 1666; x_wconf 85' lang='lat' dir='ltr'>exterritis</span> <span class='ocrx_word' id='word_1_115' title='bbox 1856 1607 1953 1683; x_wconf 91' lang='lat' dir='ltr'>qui</span> <span class='ocrx_word' id='word_1_116' title='bbox 1995 1608 2355 1680; x_wconf 88' lang='lat' dir='ltr'>obstiterant,</span> <span class='ocrx_word' id='word_1_117' title='bbox 2381 1619 2419 1667; x_wconf 81' lang='lat'><em>4</em></span> 
     </span>
    </p>

    <p class='ocr_par' dir='ltr' id='par_1_6' title="bbox 273 1704 2357 1962">
     <span class='ocr_line' id='line_1_16' title="bbox 273 1704 2357 1782; baseline 0.001 -19"><span class='ocrx_word' id='word_1_118' title='bbox 273 1726 328 1777; x_wconf 89' lang='lat'>15</span> <span class='ocrx_word' id='word_1_119' title='bbox 346 1715 575 1780; x_wconf 91' lang='lat' dir='ltr'>raptum</span> <span class='ocrx_word' id='word_1_120' title='bbox 616 1704 885 1763; x_wconf 86' lang='lat' dir='ltr'>vexillum</span> <span class='ocrx_word' id='word_1_121' title='bbox 925 1704 1000 1762; x_wconf 88' lang='lat' dir='ltr'>ad</span> <span class='ocrx_word' id='word_1_122' title='bbox 1040 1705 1229 1782; x_wconf 90' lang='lat' dir='ltr'>ripam</span> <span class='ocrx_word' id='word_1_123' title='bbox 1267 1705 1445 1775; x_wconf 90' lang='lat' dir='ltr'>vertit,</span> <span class='ocrx_word' id='word_1_124' title='bbox 1488 1715 1547 1764; x_wconf 90' lang='lat' dir='ltr'>et</span> <span class='ocrx_word' id='word_1_125' title='bbox 1593 1706 1643 1763; x_wconf 91' lang='lat' dir='ltr'>si</span> <span class='ocrx_word' id='word_1_126' title='bbox 1690 1705 1821 1781; x_wconf 91' lang='lat' dir='ltr'>quis</span> <span class='ocrx_word' id='word_1_127' title='bbox 1869 1705 2101 1781; x_wconf 90' lang='lat' dir='ltr'>agmine</span> <span class='ocrx_word' id='word_1_128' title='bbox 2152 1706 2357 1765; x_wconf 89' lang='lat' dir='ltr'>deces-</span> 
     </span>
     <span class='ocr_line' id='line_1_17' title="bbox 347 1803 2357 1880; baseline -0 -17"><span class='ocrx_word' id='word_1_129' title='bbox 347 1804 529 1877; x_wconf 87' lang='lat' dir='ltr'>sisset,</span> <span class='ocrx_word' id='word_1_130' title='bbox 570 1821 679 1880; x_wconf 91' lang='lat' dir='ltr'>pro</span> <span class='ocrx_word' id='word_1_131' title='bbox 723 1803 1010 1863; x_wconf 91' lang='lat' dir='ltr'>desertore</span> <span class='ocrx_word' id='word_1_132' title='bbox 1051 1803 1173 1863; x_wconf 90' lang='lat' dir='ltr'>fore</span> <span class='ocrx_word' id='word_1_133' title='bbox 1221 1803 1541 1875; x_wconf 89' lang='lat' dir='ltr'>clamitans,</span> <span class='ocrx_word' id='word_1_134' title='bbox 1582 1803 1808 1863; x_wconf 84' lang='lat' dir='ltr'>reduxit</span> <span class='ocrx_word' id='word_1_135' title='bbox 1850 1803 1913 1861; x_wconf 90' lang='lat' dir='ltr'>in</span> <span class='ocrx_word' id='word_1_136' title='bbox 1952 1803 2194 1863; x_wconf 87' lang='lat' dir='ltr'>hiberna</span> <span class='ocrx_word' id='word_1_137' title='bbox 2233 1813 2357 1862; x_wconf 93' lang='lat' dir='ltr'>tur-</span> 
     </span>
     <span class='ocr_line' id='line_1_18' title="bbox 346 1901 1030 1962; baseline 0.001 -1"><span class='ocrx_word' id='word_1_138' title='bbox 346 1902 517 1961; x_wconf 91' lang='lat' dir='ltr'>bidos</span> <span class='ocrx_word' id='word_1_139' title='bbox 560 1912 618 1962; x_wconf 89' lang='lat' dir='ltr'>et</span> <span class='ocrx_word' id='word_1_140' title='bbox 658 1901 799 1961; x_wconf 91' lang='lat' dir='ltr'>nihil</span> <span class='ocrx_word' id='word_1_141' title='bbox 841 1920 1030 1962; x_wconf 82' lang='lat' dir='ltr'>auSOS.</span> 
     </span>
    </p>

    <p class='ocr_par' dir='ltr' id='par_1_7' title="bbox 346 2001 2416 2177">
     <span class='ocr_line' id='line_1_19' title="bbox 429 2001 2358 2079; baseline 0.001 -18"><span class='ocrx_word' id='word_1_142' title='bbox 429 2009 536 2063; x_wconf 81' lang='lat'>39.</span> <span class='ocrx_word' id='word_1_143' title='bbox 579 2002 804 2061; x_wconf 92' lang='lat' dir='ltr'>Interea</span> <span class='ocrx_word' id='word_1_144' title='bbox 852 2001 1024 2076; x_wconf 89' lang='lat' dir='ltr'>legati</span> <span class='ocrx_word' id='word_1_145' title='bbox 1071 2003 1145 2061; x_wconf 93' lang='lat' dir='ltr'>ab</span> <span class='ocrx_word' id='word_1_146' title='bbox 1195 2012 1399 2062; x_wconf 91' lang='lat' dir='ltr'>senatu</span> <span class='ocrx_word' id='word_1_147' title='bbox 1445 2019 1771 2079; x_wconf 88' lang='lat' dir='ltr'>regressum</span> <span class='ocrx_word' id='word_1_148' title='bbox 1816 2003 1934 2061; x_wconf 91' lang='lat' dir='ltr'>iam</span> <span class='ocrx_word' id='word_1_149' title='bbox 1980 2001 2137 2078; x_wconf 91' lang='lat' dir='ltr'>apud</span> <span class='ocrx_word' id='word_1_150' title='bbox 2191 2019 2358 2062; x_wconf 87' lang='lat' dir='ltr'>aram</span> 
     </span>
     <span class='ocr_line' id='line_1_20' title="bbox 346 2100 2416 2177; baseline -0.001 -17"><span class='ocrx_word' id='word_1_151' title='bbox 346 2100 635 2160; x_wconf 89' lang='lat' dir='ltr'>Ubiorum</span> <span class='ocrx_word' id='word_1_152' title='bbox 694 2100 1110 2160; x_wconf 90' lang='lat' dir='ltr'>Germanicum</span> <span class='ocrx_word' id='word_1_153' title='bbox 1171 2101 1404 2161; x_wconf 90' lang='lat' dir='ltr'>adeunt.</span> <span class='ocrx_word' id='word_1_154' title='bbox 1489 2102 1638 2161; x_wconf 91' lang='lat' dir='ltr'>duae</span> <span class='ocrx_word' id='word_1_155' title='bbox 1698 2102 1776 2160; x_wconf 86' lang='lat' dir='ltr'>ibi</span> <span class='ocrx_word' id='word_1_156' title='bbox 1832 2102 2108 2177; x_wconf 86' lang='lat' dir='ltr'>legiones,</span> <span class='ocrx_word' id='word_1_157' title='bbox 2168 2101 2356 2177; x_wconf 89' lang='lat' dir='ltr'>prima</span> <span class='ocrx_word' id='word_1_158' title='bbox 2379 2111 2416 2159; x_wconf 74' lang='lat'>2</span> 
     </span>
    </p>

    <p class='ocr_par' dir='ltr' id='par_1_8' title="bbox 269 2194 2413 2669">
     <span class='ocr_line' id='line_1_21' title="bbox 269 2194 2353 2277; baseline -0.002 -18"><span class='ocrx_word' id='word_1_159' title='bbox 269 2222 331 2259; x_wconf 80' lang='lat'>20</span> <span class='ocrx_word' id='word_1_160' title='bbox 347 2208 518 2277; x_wconf 90' lang='lat' dir='ltr'>atque</span> <span class='ocrx_word' id='word_1_161' title='bbox 552 2200 879 2271; x_wconf 90' lang='lat' dir='ltr'>vicensima,</span> <span class='ocrx_word' id='word_1_162' title='bbox 918 2199 1284 2276; x_wconf 90' lang='lat' dir='ltr'>veteranique</span> <span class='ocrx_word' id='word_1_163' title='bbox 1318 2218 1501 2276; x_wconf 90' lang='lat' dir='ltr'>nuper</span> <span class='ocrx_word' id='word_1_164' title='bbox 1541 2199 1704 2257; x_wconf 91' lang='lat' dir='ltr'>missi</span> <span class='ocrx_word' id='word_1_165' title='bbox 1740 2200 1857 2257; x_wconf 76' lang='lat' dir='ltr'>sub‘</span> <span class='ocrx_word' id='word_1_166' title='bbox 1885 2194 2090 2258; x_wconf 86' lang='lat' dir='ltr'>vexillo</span> <span class='ocrx_word' id='word_1_167' title='bbox 2131 2197 2353 2256; x_wconf 89' lang='lat' dir='ltr'>hiema-</span> 
     </span>
     <span class='ocr_line' id='line_1_22' title="bbox 345 2298 2412 2374; baseline -0 -18"><span class='ocrx_word' id='word_1_168' title='bbox 345 2299 507 2357; x_wconf 90' lang='lat' dir='ltr'>bant.</span> <span class='ocrx_word' id='word_1_169' title='bbox 591 2298 831 2374; x_wconf 91' lang='lat' dir='ltr'>pavidos</span> <span class='ocrx_word' id='word_1_170' title='bbox 869 2309 926 2356; x_wconf 91' lang='lat' dir='ltr'>et</span> <span class='ocrx_word' id='word_1_171' title='bbox 957 2298 1313 2356; x_wconf 86' lang='lat' dir='ltr'>conscientia</span> <span class='ocrx_word' id='word_1_172' title='bbox 1345 2298 1655 2357; x_wconf 90' lang='lat' dir='ltr'>vaecordes</span> <span class='ocrx_word' id='word_1_173' title='bbox 1689 2298 1860 2356; x_wconf 90' lang='lat' dir='ltr'>intrat</span> <span class='ocrx_word' id='word_1_174' title='bbox 1890 2307 2097 2368; x_wconf 85' lang='lat' dir='ltr'>metuS‚</span> <span class='ocrx_word' id='word_1_175' title='bbox 2127 2298 2354 2355; x_wconf 89' lang='lat' dir='ltr'>venisse</span> <span class='ocrx_word' id='word_1_176' title='bbox 2378 2308 2412 2355; x_wconf 81' lang='grc'><strong>3</strong></span> 
     </span>
     <span class='ocr_line' id='line_1_23' title="bbox 347 2395 2354 2472; baseline 0 -19"><span class='ocrx_word' id='word_1_177' title='bbox 347 2406 575 2472; x_wconf 88' lang='lat' dir='ltr'>patrum</span> <span class='ocrx_word' id='word_1_178' title='bbox 631 2397 789 2454; x_wconf 90' lang='lat' dir='ltr'>iussu</span> <span class='ocrx_word' id='word_1_179' title='bbox 839 2396 937 2472; x_wconf 92' lang='lat' dir='ltr'>qui</span> <span class='ocrx_word' id='word_1_180' title='bbox 985 2397 1152 2455; x_wconf 90' lang='lat' dir='ltr'>inrita</span> <span class='ocrx_word' id='word_1_181' title='bbox 1207 2395 1462 2455; x_wconf 88' lang='lat' dir='ltr'>facerent</span> <span class='ocrx_word' id='word_1_182' title='bbox 1510 2413 1661 2471; x_wconf 89' lang='lat' dir='ltr'>quae</span> <span class='ocrx_word' id='word_1_183' title='bbox 1705 2414 1809 2472; x_wconf 93' lang='lat' dir='ltr'>per</span> <span class='ocrx_word' id='word_1_184' title='bbox 1857 2395 2202 2454; x_wconf 90' lang='lat' dir='ltr'>seditionem</span> <span class='ocrx_word' id='word_1_185' title='bbox 2251 2414 2354 2454; x_wconf 84' lang='lat' dir='ltr'>ex-</span> 
     </span>
     <span class='ocr_line' id='line_1_24' title="bbox 349 2494 2413 2572; baseline 0.001 -19"><span class='ocrx_word' id='word_1_186' title='bbox 349 2505 687 2571; x_wconf 90' lang='lat' dir='ltr'>presserant.</span> <span class='ocrx_word' id='word_1_187' title='bbox 772 2505 950 2572; x_wconf 91' lang='lat' dir='ltr'>utque</span> <span class='ocrx_word' id='word_1_188' title='bbox 993 2513 1124 2554; x_wconf 91' lang='lat' dir='ltr'>mos</span> <span class='ocrx_word' id='word_1_189' title='bbox 1167 2494 1340 2572; x_wconf 90' lang='lat' dir='ltr'>vulgo</span> <span class='ocrx_word' id='word_1_190' title='bbox 1387 2496 1647 2571; x_wconf 90' lang='lat' dir='ltr'>quamvis</span> <span class='ocrx_word' id='word_1_191' title='bbox 1691 2495 1848 2554; x_wconf 90' lang='lat' dir='ltr'>falsis</span> <span class='ocrx_word' id='word_1_192' title='bbox 1890 2512 2055 2553; x_wconf 90' lang='lat' dir='ltr'>reum</span> <span class='ocrx_word' id='word_1_193' title='bbox 2088 2496 2350 2568; x_wconf 90' lang='lat' dir='ltr'>subdere,</span> <span class='ocrx_word' id='word_1_194' title='bbox 2374 2508 2413 2555; x_wconf 74' lang='lat'><em>4</em></span> 
     </span>
     <span class='ocr_line' id='line_1_25' title="bbox 349 2592 2351 2669; baseline 0 -18"><span class='ocrx_word' id='word_1_195' title='bbox 349 2592 680 2653; x_wconf 88' lang='lat' dir='ltr'>Munatium</span> <span class='ocrx_word' id='word_1_196' title='bbox 709 2594 987 2652; x_wconf 89' lang='lat' dir='ltr'>Plancum</span> <span class='ocrx_word' id='word_1_197' title='bbox 1017 2595 1324 2653; x_wconf 91' lang='lat' dir='ltr'>consulatu</span> <span class='ocrx_word' id='word_1_198' title='bbox 1356 2593 1639 2665; x_wconf 88' lang='lat' dir='ltr'>functum,</span> <span class='ocrx_word' id='word_1_199' title='bbox 1668 2593 1988 2669; x_wconf 91' lang='lat' dir='ltr'>principem</span> <span class='ocrx_word' id='word_1_200' title='bbox 2028 2594 2351 2668; x_wconf 89' lang='lat' dir='ltr'>legationis,</span> 
     </span>
    </p>

    <p class='ocr_par' dir='ltr' id='par_1_9' title="bbox 271 2691 2404 3161">
     <span class='ocr_line' id='line_1_26' title="bbox 271 2691 2351 2765; baseline -0 -13"><span class='ocrx_word' id='word_1_201' title='bbox 271 2715 331 2765; x_wconf 80' lang='lat'>25</span> <span class='ocrx_word' id='word_1_202' title='bbox 352 2704 648 2752; x_wconf 90' lang='lat' dir='ltr'>auctorem</span> <span class='ocrx_word' id='word_1_203' title='bbox 679 2702 909 2751; x_wconf 89' lang='lat' dir='ltr'>senatus</span> <span class='ocrx_word' id='word_1_204' title='bbox 939 2693 1185 2751; x_wconf 90' lang='lat' dir='ltr'>consulti</span> <span class='ocrx_word' id='word_1_205' title='bbox 1211 2693 1515 2764; x_wconf 83' lang='lat' dir='ltr'>incusant3</span> <span class='ocrx_word' id='word_1_206' title='bbox 1558 2700 1616 2749; x_wconf 93' lang='lat' dir='ltr'>et</span> <span class='ocrx_word' id='word_1_207' title='bbox 1651 2701 1826 2750; x_wconf 91' lang='lat' dir='ltr'>nocte</span> <span class='ocrx_word' id='word_1_208' title='bbox 1866 2691 2152 2750; x_wconf 91' lang='lat' dir='ltr'>concubia</span> <span class='ocrx_word' id='word_1_209' title='bbox 2177 2692 2351 2751; x_wconf 89' lang='lat' dir='ltr'>vexil-</span> 
     </span>
     <span class='ocr_line' id='line_1_27' title="bbox 348 2789 2349 2866; baseline -0.001 -17"><span class='ocrx_word' id='word_1_210' title='bbox 348 2792 467 2849; x_wconf 91' lang='lat' dir='ltr'>lum</span> <span class='ocrx_word' id='word_1_211' title='bbox 511 2792 573 2849; x_wconf 89' lang='lat' dir='ltr'>in</span> <span class='ocrx_word' id='word_1_212' title='bbox 618 2791 797 2849; x_wconf 90' lang='lat' dir='ltr'>domo</span> <span class='ocrx_word' id='word_1_213' title='bbox 848 2789 1181 2849; x_wconf 90' lang='lat' dir='ltr'>Germanici</span> <span class='ocrx_word' id='word_1_214' title='bbox 1228 2792 1401 2849; x_wconf 80' lang='lat' dir='ltr'>situm</span> <span class='ocrx_word' id='word_1_215' title='bbox 1451 2789 1709 2866; x_wconf 87' lang='lat' dir='ltr'>flagitare</span> <span class='ocrx_word' id='word_1_216' title='bbox 1755 2789 2064 2865; x_wconf 91' lang='lat' dir='ltr'>occipiunt,</span> <span class='ocrx_word' id='word_1_217' title='bbox 2109 2808 2349 2849; x_wconf 91' lang='lat' dir='ltr'>concur-</span> 
     </span>
     <span class='ocr_line' id='line_1_28' title="bbox 351 2887 2350 2965; baseline 0 -18"><span class='ocrx_word' id='word_1_218' title='bbox 351 2907 532 2965; x_wconf 90' lang='lat' dir='ltr'>suque</span> <span class='ocrx_word' id='word_1_219' title='bbox 588 2888 664 2947; x_wconf 89' lang='lat' dir='ltr'>ad</span> <span class='ocrx_word' id='word_1_220' title='bbox 719 2888 953 2946; x_wconf 90' lang='lat' dir='ltr'>ianuam</span> <span class='ocrx_word' id='word_1_221' title='bbox 1007 2887 1162 2945; x_wconf 90' lang='lat' dir='ltr'>facto</span> <span class='ocrx_word' id='word_1_222' title='bbox 1217 2889 1535 2947; x_wconf 90' lang='lat' dir='ltr'>moliuntur</span> <span class='ocrx_word' id='word_1_223' title='bbox 1590 2887 1761 2959; x_wconf 83' lang='lat' dir='ltr'>foreS,</span> <span class='ocrx_word' id='word_1_224' title='bbox 1808 2897 2129 2946; x_wconf 88' lang='lat' dir='ltr'>extractum</span> <span class='ocrx_word' id='word_1_225' title='bbox 2184 2888 2350 2947; x_wconf 89' lang='lat' dir='ltr'>cubili</span> 
     </span>
     <span class='ocr_line' id='line_1_29' title="bbox 350 2986 2348 3063; baseline -0.002 -16"><span class='ocrx_word' id='word_1_226' title='bbox 350 2988 662 3047; x_wconf 90' lang='lat' dir='ltr'>Caesarem</span> <span class='ocrx_word' id='word_1_227' title='bbox 709 2986 933 3046; x_wconf 87' lang='lat' dir='ltr'>tradere</span> <span class='ocrx_word' id='word_1_228' title='bbox 989 2987 1257 3045; x_wconf 87' lang='lat' dir='ltr'>vexillum</span> <span class='ocrx_word' id='word_1_229' title='bbox 1315 2987 1535 3045; x_wconf 91' lang='lat' dir='ltr'>intento</span> <span class='ocrx_word' id='word_1_230' title='bbox 1593 2986 1791 3044; x_wconf 88' lang='lat' dir='ltr'>mortis</span> <span class='ocrx_word' id='word_1_231' title='bbox 1845 2993 2004 3043; x_wconf 91' lang='lat' dir='ltr'>metu</span> <span class='ocrx_word' id='word_1_232' title='bbox 2060 2986 2348 3063; x_wconf 88' lang='lat' dir='ltr'>subigunt.</span> 
     </span>
     <span class='ocr_line' id='line_1_30' title="bbox 347 3083 2404 3161; baseline -0 -17"><span class='ocrx_word' id='word_1_233' title='bbox 347 3103 487 3144; x_wconf 85' lang='lat' dir='ltr'>mox</span> <span class='ocrx_word' id='word_1_234' title='bbox 524 3085 654 3160; x_wconf 90' lang='lat' dir='ltr'>vagi</span> <span class='ocrx_word' id='word_1_235' title='bbox 692 3103 798 3161; x_wconf 92' lang='lat' dir='ltr'>per</span> <span class='ocrx_word' id='word_1_236' title='bbox 834 3085 953 3143; x_wconf 87' lang='lat' dir='ltr'>vias</span> <span class='ocrx_word' id='word_1_237' title='bbox 992 3085 1195 3143; x_wconf 90' lang='lat' dir='ltr'>obvios</span> <span class='ocrx_word' id='word_1_238' title='bbox 1232 3083 1485 3143; x_wconf 88' lang='lat' dir='ltr'>habuere</span> <span class='ocrx_word' id='word_1_239' title='bbox 1521 3084 1761 3161; x_wconf 82' lang='lat' dir='ltr'>legatOS,</span> <span class='ocrx_word' id='word_1_240' title='bbox 1795 3084 1990 3142; x_wconf 91' lang='lat' dir='ltr'>audita</span> <span class='ocrx_word' id='word_1_241' title='bbox 2018 3093 2347 3143; x_wconf 89' lang='lat' dir='ltr'>consterna·</span> <span class='ocrx_word' id='word_1_242' title='bbox 2370 3103 2404 3150; x_wconf 80' lang='lat'><strong>5</strong></span> 
     </span>
    </p>

    <p class='ocr_par' dir='ltr' id='par_1_10' title="bbox 272 3181 2405 3555">
     <span class='ocr_line' id='line_1_31' title="bbox 272 3181 2405 3258; baseline 0.002 -17"><span class='ocrx_word' id='word_1_243' title='bbox 272 3206 334 3255; x_wconf 85' lang='lat'>30</span> <span class='ocrx_word' id='word_1_244' title='bbox 350 3183 506 3242; x_wconf 91' lang='lat' dir='ltr'>tione</span> <span class='ocrx_word' id='word_1_245' title='bbox 575 3182 649 3240; x_wconf 91' lang='lat' dir='ltr'>ad</span> <span class='ocrx_word' id='word_1_246' title='bbox 708 3181 1126 3241; x_wconf 85' lang='lat' dir='ltr'>Germanicum</span> <span class='ocrx_word' id='word_1_247' title='bbox 1192 3182 1511 3241; x_wconf 82' lang='lat' dir='ltr'>tendentes,</span> <span class='ocrx_word' id='word_1_248' title='bbox 1616 3182 1888 3258; x_wconf 89' lang='lat' dir='ltr'>ingerunt</span> <span class='ocrx_word' id='word_1_249' title='bbox 1952 3182 2345 3253; x_wconf 81' lang='lat' dir='ltr'>contumeliaS,</span> <span class='ocrx_word' id='word_1_250' title='bbox 2368 3200 2405 3245; x_wconf 76' lang='lat'>6</span> 
     </span>
     <span class='ocr_line' id='line_1_32' title="bbox 350 3278 2346 3358; baseline -0.001 -18"><span class='ocrx_word' id='word_1_251' title='bbox 350 3281 591 3340; x_wconf 90' lang='lat' dir='ltr'>caedem</span> <span class='ocrx_word' id='word_1_252' title='bbox 630 3291 854 3358; x_wconf 89' lang='lat' dir='ltr'>parant,</span> <span class='ocrx_word' id='word_1_253' title='bbox 898 3281 1116 3340; x_wconf 89' lang='lat' dir='ltr'>Planco</span> <span class='ocrx_word' id='word_1_254' title='bbox 1158 3281 1428 3354; x_wconf 82' lang='lat' dir='ltr'>maxime,</span> <span class='ocrx_word' id='word_1_255' title='bbox 1469 3298 1648 3356; x_wconf 91' lang='lat' dir='ltr'>quem</span> <span class='ocrx_word' id='word_1_256' title='bbox 1698 3279 1944 3357; x_wconf 89' lang='lat' dir='ltr'>dignitas</span> <span class='ocrx_word' id='word_1_257' title='bbox 1991 3278 2131 3356; x_wconf 89' lang='lat' dir='ltr'>fuga</span> <span class='ocrx_word' id='word_1_258' title='bbox 2171 3280 2346 3357; x_wconf 91' lang='lat' dir='ltr'>impe-</span> 
     </span>
     <span class='ocr_line' id='line_1_33' title="bbox 349 3378 2345 3456; baseline 0.001 -20"><span class='ocrx_word' id='word_1_259' title='bbox 349 3378 597 3450; x_wconf 89' lang='lat' dir='ltr'>diverat;</span> <span class='ocrx_word' id='word_1_260' title='bbox 641 3397 831 3455; x_wconf 90' lang='lat' dir='ltr'>neque</span> <span class='ocrx_word' id='word_1_261' title='bbox 865 3379 1019 3437; x_wconf 91' lang='lat' dir='ltr'>aliud</span> <span class='ocrx_word' id='word_1_262' title='bbox 1056 3379 1394 3456; x_wconf 91' lang='lat' dir='ltr'>periclitanti</span> <span class='ocrx_word' id='word_1_263' title='bbox 1438 3378 1756 3438; x_wconf 89' lang='lat' dir='ltr'>subsidium</span> <span class='ocrx_word' id='word_1_264' title='bbox 1791 3396 1968 3455; x_wconf 89' lang='lat' dir='ltr'>quam</span> <span class='ocrx_word' id='word_1_265' title='bbox 2010 3387 2198 3438; x_wconf 90' lang='lat' dir='ltr'>castra</span> <span class='ocrx_word' id='word_1_266' title='bbox 2236 3379 2345 3455; x_wconf 91' lang='lat' dir='ltr'>pri-</span> 
     </span>
     <span class='ocr_line' id='line_1_34' title="bbox 349 3476 2402 3555; baseline 0.002 -20"><span class='ocrx_word' id='word_1_267' title='bbox 349 3495 480 3536; x_wconf 86' lang='lat' dir='ltr'>mae</span> <span class='ocrx_word' id='word_1_268' title='bbox 507 3476 765 3553; x_wconf 82' lang='lat' dir='ltr'>legionis,</span> <span class='ocrx_word' id='word_1_269' title='bbox 849 3477 962 3536; x_wconf 90' lang='lat' dir='ltr'>illic</span> <span class='ocrx_word' id='word_1_270' title='bbox 997 3478 1164 3554; x_wconf 85' lang='lat' dir='ltr'>signa</span> <span class='ocrx_word' id='word_1_271' title='bbox 1198 3487 1256 3536; x_wconf 90' lang='lat' dir='ltr'>et</span> <span class='ocrx_word' id='word_1_272' title='bbox 1292 3477 1545 3554; x_wconf 88' lang='lat' dir='ltr'>aquilam</span> <span class='ocrx_word' id='word_1_273' title='bbox 1586 3477 1889 3552; x_wconf 87' lang='lat' dir='ltr'>amplexus</span> <span class='ocrx_word' id='word_1_274' title='bbox 1917 3477 2195 3555; x_wconf 89' lang='lat' dir='ltr'>religione</span> <span class='ocrx_word' id='word_1_275' title='bbox 2223 3495 2344 3537; x_wconf 89' lang='lat' dir='ltr'>sese</span> <span class='ocrx_word' id='word_1_276' title='bbox 2365 3490 2402 3541; x_wconf 81' lang='grc'><strong>7</strong></span> 
     </span>
    </p>
   </div>
   <div class='ocr_carea' id='block_1_3' title="bbox 2543 706 2544 1527">
    <p class='ocr_par' dir='ltr' id='par_1_11' title="bbox 2543 706 2544 1527">
     <span class='ocr_line' id='line_1_35' title="bbox 2543 706 2544 1527; baseline 0 0"><span class='ocrx_word' id='word_1_277' title='bbox 2543 706 2544 1527; x_wconf 95' lang='lat' dir='ltr'> </span> 
     </span>
    </p>
   </div>
   <div class='ocr_carea' id='block_1_4' title="bbox 2543 2087 2545 3291">
    <p class='ocr_par' dir='ltr' id='par_1_12' title="bbox 2543 2087 2545 3291">
     <span class='ocr_line' id='line_1_36' title="bbox 2543 2087 2545 3291; baseline 0 0"><span class='ocrx_word' id='word_1_278' title='bbox 2543 2087 2545 3291; x_wconf 95' lang='lat' dir='ltr'> </span> 
     </span>
    </p>
   </div>
  </div>
 </body>
</html>
