2594 3925
328 202 403 263 74
604 195 610 199 ⁴
762 197 1129 249 CORNELII
1170 199 1260 248 TA
1271 199 1435 249 CJTJ
1467 197 1889 249 ANNALJUM
1958 187 2038 271 [A.
2057 209 2176 252 mc.
2212 199 2330 264 768·

326 350 436 410 dos
491 352 646 428 apud
689 371 849 412 aram
903 351 1189 413 Ubiorum
1245 364 1468 413 creatus
1524 362 1752 430 ruperat
1805 353 1990 426 vittaS,
2048 353 2334 430 profugus

326 449 400 508 ad
439 451 696 510 rebelles.
777 452 1058 512 adductus
1099 463 1295 512 tamen
1324 454 1385 511 in
1427 471 1594 529 spem
1636 452 1975 512 clementiae
2018 451 2334 512 Romanae
2361 463 2398 509 3

327 549 557 623 pertulit
597 550 772 624 patris
813 551 1087 609 mandata
1127 552 1497 628 benigneque
1539 560 1816 627 exceptus
1862 567 1996 609 eum
2038 551 2333 626 praesidio

329 644 613 705 Gallicam
637 647 699 705 in
728 648 913 724 ripam
939 649 1148 708 missus
1176 660 1279 709 est.
1365 650 1720 709 Germanico
1761 649 2007 726 pretium
2040 648 2147 706 fuit
2188 666 2335 708 con-
2363 659 2403 704 4

228 786 249 807 x
272 765 300 815 5
324 753 540 827 vert—ere
567 763 796 821 agmen,
818 756 1258 825 pugnatumque
1278 748 1341 805 in
1368 747 1704 819 obsidentiS‚
1725 755 1783 805 et
1801 756 2031 823 ereptus
2062 746 2339 822 Segestes

328 860 542 918 magna
570 862 706 902 cum
733 846 1196 920 propinquorum
1225 856 1282 905 et
1315 847 1609 917 clientium
1636 863 1831 903 manu.
1915 845 2140 903 inerant
2167 844 2337 903 femi-
2365 854 2402 900 5

325 960 437 1000 nae
478 942 716 1013 nobileS,
746 945 891 1001 inter
919 961 1065 1020 quas
1105 961 1252 1002 uxor
1280 943 1523 1002 Arminii
1563 944 1883 1023 eademque
1910 943 2027 1001 filia
2058 943 2337 1018 Segestis,
2437 944 2448 951 ’

322 1039 508 1098 mariti
533 1041 718 1116 magis
759 1058 934 1117 quam
962 1043 1214 1117 parentis
1253 1044 1473 1118 animo,
1501 1061 1695 1121 neque
1736 1044 1922 1102 evicta
1956 1042 2038 1118 {E-
2065 1041 2337 1100 lacrimas

321 1157 510 1214 neque
548 1156 690 1197 voce
729 1139 990 1214 suppleX‚
1021 1143 1373 1216 compressis
1415 1143 1565 1200 intra
1602 1142 1793 1201 sinum
1833 1141 2102 1200 manibus
2142 1141 2336 1216 gravi-

249 1261 307 1295 10
326 1237 465 1296 dum
506 1247 731 1295 uterum
772 1238 1015 1297 intuens.
1101 1239 1431 1315 feerpm
1474 1250 1531 1299 et
1574 1241 1758 1316 spolia
1800 1240 2091 1297 Varianae
2133 1238 2334 1307 cladiS‚
2364 1250 2404 1295 6

323 1335 611 1412 plerisque
653 1352 880 1393 eorum.
914 1336 1014 1411 qui
1062 1346 1184 1395 tum
1227 1339 1287 1396 in
1332 1337 1689 1397 deditionem
1731 1339 2041 1396 veniebant
2082 1336 2335 1412 praedae

325 1433 492 1492 data:
535 1432 704 1490 simul
761 1432 1030 1509 Segestes
1084 1435 1226 1512 ipse,
1276 1436 1485 1513 ingens
1537 1437 1663 1497 visu
1710 1446 1769 1496 et
1818 1435 2099 1494 memoria
2139 1436 2334 1509 bonae

327 1531 611 1603 societatis
639 1531 959 1606 inpavidus,

408 1635 511 1689 58.
554 1628 750 1688 Verba
803 1631 926 1688 eius
982 1632 1042 1689 in
1097 1632 1250 1692 hune
1306 1633 1551 1693 modum
1598 1633 1792 1693 fuere:
1850 1637 2006 1692 ‘non
2054 1632 2147 1690 hic
2195 1631 2338 1690 mihi

250 1752 306 1802 15
326 1729 543 1804 primus
571 1745 710 1803 erga
735 1727 1019 1803 populum
1038 1729 1375 1789 Romanum
1404 1731 1538 1789 fidei
1567 1742 1625 1790 et
1652 1731 2004 1790 constantiae
2033 1730 2175 1793 dies.
2261 1748 2336 1787 ex
2364 1745 2401 1789 2

327 1845 444 1904 quo
470 1844 507 1884 a
534 1826 666 1885 divo
693 1826 958 1902 Augusto
986 1827 1206 1886 civitate
1234 1828 1485 1887 donatus
1525 1847 1672 1900 sum,
1702 1829 1925 1888 amicos
1952 1828 2337 1903 inimicosque

327 1946 401 1985 ex
428 1926 625 1987 vestris
662 1926 991 1986 utilitatibus
1033 1927 1235 2005 delegi,
1263 1947 1454 2006 neque
1496 1928 1635 1989 odio
1679 1928 1894 2005 patriae
1923 1927 2164 2007 (quippe
2199 1944 2336 2003 pro-

327 2026 541 2084 ditores
587 2025 759 2084 etiam
801 2026 869 2083 iis
924 2044 1071 2102 quos
1121 2036 1485 2103 anteponunt
1525 2028 1689 2084 invisi
1736 2024 1912 2103 sunt),
1954 2042 2151 2083 verum
2200 2024 2338 2099 quia

328 2123 611 2183 Romanis
641 2122 1060 2200 Germanisque
1103 2124 1258 2183 idem
1300 2126 1627 2209 conducere
1657 2133 1961 2218 etmpacem
2003 2140 2177 2198 quam
2218 2122 2337 2180 bel-

251 2245 311 2280 20
330 2221 450 2280 lum
518 2223 860 2298 probabam.
945 2241 1085 2299 ergo
1160 2232 1452 2300 raptorem
1531 2224 1678 2282 filiae
1748 2239 1931 2293 meae,
2002 2220 2339 2278 violatorem
2363 2234 2400 2279 3

327 2320 576 2380 foederis
625 2322 811 2391 vestri,
858 2321 1185 2380 Arminium
1242 2320 1401 2397 apud
1450 2320 1692 2391 Varum,
1740 2322 1840 2396 qui
1887 2329 2011 2400 tum
2066 2318 2339 2377 exercitui

327 2419 703 2495 praesidebat,
747 2438 911 2477 reum
956 2420 1082 2478 feci.
1167 2420 1376 2478 dilatus
1427 2420 1669 2495 segnitia
1725 2418 1906 2489 ducis,
1950 2417 2084 2493 quia
2131 2434 2340 2492 parum
2362 2427 2406 2475 4

329 2517 594 2594 praesidii
639 2518 698 2574 in
741 2517 965 2593 legibus
1014 2528 1153 2589 erat,
1209 2528 1273 2576 ut
1320 2536 1414 2575 me
1471 2528 1529 2576 et
1576 2517 1904 2576 Arminium
1959 2526 2017 2575 et
2071 2516 2340 2575 conscios

328 2615 564 2674 vinciret
582 2614 865 2691 flagitavi:
908 2617 1068 2675 testis
1098 2616 1191 2675 illa
1219 2635 1356 2687 nox,
1376 2616 1516 2673 mihi
1539 2617 1758 2674 utinam
1779 2616 1971 2691 potius
2002 2614 2338 2672 novissima!

252 2739 309 2788 25
331 2733 480 2791 quae
510 2723 708 2772 secuta
750 2723 898 2785 sunt,
929 2714 1126 2774 defleri
1155 2715 1342 2790 magis
1380 2733 1557 2791 quam
1596 2714 1827 2773 defendi
1856 2722 2139 2790 possunt:
2184 2721 2338 2771 cete·
2365 2728 2401 2775 5

329 2831 458 2871 rum
486 2822 544 2871 et
570 2811 740 2869 inieci
768 2821 1003 2870 catenas
1030 2811 1296 2870 Arminio
1327 2820 1384 2870 et
1426 2830 1461 2869 a
1490 2811 1741 2870 factione
1769 2812 1889 2870 eius
1931 2812 2167 2869 iniectas
2209 2828 2339 2886 per-

329 2928 533 2988 pessus
580 2927 726 2968 sum.
809 2918 980 2985 atque
1029 2909 1128 2967 ubi
1178 2910 1432 2986 primum
1477 2910 1557 2968 tui
1611 2910 1797 2985 copia,
1840 2919 2030 2969 vetera
2072 2908 2237 2966 novis
2280 2917 2338 2965 et
2361 2924 2397 2971 6

329 3010 524 3086 quieta
572 3006 810 3066 turbidis
855 3006 1196 3078 antehabeO,
1240 3026 1432 3084 neque
1475 3008 1553 3066 ob
1596 3008 1934 3083 prae-mium,
1979 3006 2083 3065 sed
2130 3015 2193 3063 ut
2241 3022 2338 3061 me

330 3107 568 3183 perfidia
609 3106 920 3177 exsolvam,
962 3106 1130 3165 simul
1162 3106 1323 3182 genti
1358 3105 1788 3165 Germanorum
1821 3105 2065 3164 idoneus
2103 3101 2338 3162 concili-

253 3229 316 3278 30
334 3217 476 3276 ator,
507 3205 554 3263 si
597 3204 1007 3280 paenitentiam
1042 3221 1219 3280 quam
1252 3204 1568 3280 perniciem
1604 3203 1880 3263 maluerit.
1964 3221 2071 3278 pro
2107 3202 2335 3259 iuventa
2361 3222 2393 3270 ‘l

331 3314 388 3362 et
416 3322 605 3363 errore
630 3302 728 3359 filii
756 3302 984 3360 veniam
1017 3320 1255 3379 precor:
1302 3301 1479 3360 filiam
1507 3303 1847 3361 necessitate
1880 3300 1993 3359 huc
2022 3299 2333 3358 adductam

332 3402 531 3459 fateor.
634 3410 795 3458 tuum
843 3401 949 3458 erit
1004 3400 1347 3469 consultare,
1406 3411 1598 3457 utrum
1652 3398 1993 3475 praevaleat,
2051 3397 2209 3474 quod
2263 3415 2335 3454 ex

332 3497 597 3558 Arminio
612 3499 877 3574 concepit
904 3515 980 3556 an
1008 3497 1166 3572 quod
1192 3515 1265 3556 ex
1294 3514 1389 3555 me
1410 3498 1604 3572 genita
1630 3495 1748 3555 est?
1832 3493 2047 3554 Caesar
2070 3494 2336 3554 clementi
2360 3510 2397 3555 8
