2594 3925
346 242 458 281 100
790 228 1155 279 CORNELII
1197 228 1288 278 TA
1300 228 1462 277 CJTJ
1495 228 1919 279 ANNALJUM
1994 217 2206 300 [rue.
2235 228 2349 292 769·

340 400 398 449 et
437 389 546 449 alia
578 388 817 447 huiusce
856 386 1016 448 modi
1059 386 1266 447 stolida
1292 406 1457 460 vana,
1489 388 1536 445 si
1568 388 1796 447 mollius
1839 390 2149 466 acciperes,
2178 387 2354 445 mise-

340 488 537 546 randa.
619 487 719 545 uni
746 496 941 545 tamen
968 486 1161 545 libello
1188 504 1369 545 manu
1398 486 1641 546 Libonis
1670 488 2004 546 nominibus
2033 486 2357 547 Caesarum

342 594 440 645 aut
479 595 810 644 senatorum
853 583 1076 644 additas
1119 594 1346 643 atroces
1390 584 1481 666 vel
1528 585 1787 645 occultas
1833 595 2005 645 notas
2053 594 2359 644 accusator

343 684 635 760 arguebat.
718 693 967 759 negante
1023 700 1125 742 reo
1179 683 1608 758 adgnoscentes
1667 702 1863 744 servos
1919 704 2022 761 per
2065 692 2359 742 tormenta
2382 690 2414 735 3

291 807 318 856 5
345 783 683 859 interrogari
726 782 958 859 placuit.
1042 792 1099 840 et
1141 782 1277 858 quia
1305 790 1497 840 vetere
1537 792 1772 841 senatus
1801 783 2069 841 consulto
2094 782 2358 858 quaestio

345 883 406 940 in
435 878 608 957 caput
648 881 870 939 domini
911 880 1339 956 prohibebatur,
1370 880 1607 940 callidus
1651 892 1707 940 et
1750 882 1885 940 novi
1927 882 2060 940 iuris
2100 889 2365 956 repertor

347 979 612 1038 Tiberius
655 978 974 1055 mancipari
1017 977 1276 1054 singulos
1320 979 1502 1037 actori
1543 980 1776 1055 publico
1818 980 1991 1050 iubet,
2036 979 2251 1039 scilicet
2299 988 2365 1036 ut

348 1079 408 1137 in
462 1078 750 1137 Libonem
799 1095 873 1135 ex
918 1076 1093 1135 servis
1151 1077 1310 1135 salvo
1373 1087 1605 1136 senatus
1661 1078 1926 1137 consulto
1978 1088 2364 1155 quaereretur.

349 1179 428 1237 ob
489 1194 636 1254 quae
692 1185 991 1252 posterum
1047 1174 1204 1232 diem
1247 1192 1380 1233 reus
1428 1175 1625 1251 petivit
1669 1175 2025 1260 domumque
2071 1177 2366 1252 digressus
2388 1180 2425 1225 4

279 1284 336 1336 ιο
352 1285 641 1335 extremas
684 1291 890 1350 preces
944 1272 1008 1331 P.
1061 1270 1328 1343 Quirinio
1376 1273 1707 1349 propinquo
1757 1292 1864 1333 suo
1914 1275 1992 1333 ad
2039 1275 2369 1350 principem

352 1373 661 1433 mandavit.

436 1477 530 1536 31.
572 1471 948 1547 Responsum
998 1479 1085 1529 est
1131 1479 1195 1528 ut
1243 1478 1515 1529 senatum
1559 1480 1807 1547 rogaret.
1894 1471 2235 1548 cingebatur
2279 1472 2371 1528 in-

357 1572 524 1631 terim
564 1569 745 1627 milite
787 1568 1018 1638 domuS,
1054 1570 1391 1644 strepebant
1432 1569 1606 1627 etiam
1648 1570 1707 1627 in
1735 1569 2036 1641 vestibulo,
2061 1579 2127 1627 ut
2167 1569 2371 1640 audiri,

359 1681 423 1728 ut
463 1668 640 1745 aspici
669 1675 926 1745 possent,
955 1684 1090 1725 cum
1117 1666 1268 1726 Libo
1310 1667 1452 1743 ipsis
1494 1685 1638 1743 quas
1679 1668 1740 1725 in
1768 1668 2141 1727 novissimam
2167 1669 2373 1745 volup-

288 1794 342 1841 15
363 1776 542 1826 tatem
610 1765 946 1824 adhibuerat
1014 1765 1196 1841 epulis
1253 1764 1616 1824 excruciatus
1685 1783 1894 1824 vocare
1947 1785 2375 1843 percussorem,

363 1882 636 1943 prensare
692 1881 986 1922 servorum
1044 1864 1292 1933 dextraS‚
1348 1863 1601 1921 inserere
1656 1863 1932 1938 gladium.
2017 1874 2188 1941 atque
2248 1864 2375 1936 illis,
2400 1875 2434 1920 2

367 1965 509 2022 dum
563 1962 866 2039 trepidant,
924 1961 1065 2020 dum
1123 1960 1433 2036 refugiunt,
1490 1961 1873 2020 evertentibus
1929 1962 2261 2038 adpositum
2317 1965 2379 2021 in

367 2080 570 2121 mensa
617 2062 829 2131 lumen,
878 2058 1147 2117 feralibus
1191 2059 1309 2117 iam
1353 2059 1460 2117 sibi
1504 2060 1757 2118 tenebris
1803 2060 1950 2119 duos
1997 2060 2144 2120 ictus
2192 2061 2255 2118 in
2295 2062 2378 2119 vi-

368 2179 532 2220 scera
573 2159 806 2218 derexit.
893 2157 969 2215 ad
1009 2157 1292 2232 gemitum
1335 2157 1696 2216 conlabentis
1738 2158 2038 2218 adcurrere
2078 2159 2281 2232 liberti,
2325 2170 2381 2219 et
2404 2174 2436 2218 3

296 2285 356 2318 20
373 2258 548 2318 caede
589 2258 710 2315 visa
750 2256 915 2316 miles
956 2256 1185 2314 abstitit.
1268 2257 1565 2315 accusatio
1606 2266 1804 2315 tamen
1847 2257 2003 2333 apud
2035 2248 2237 2334 ¹patres
2280 2258 2380 2317 ad·
2403 2275 2440 2320 4

374 2357 727 2416 severatione
769 2355 978 2413 eadem
1019 2363 1269 2430 peracta,
1306 2354 1621 2430 iuravitque
1657 2354 1926 2427 Tiberius
1966 2356 2280 2432 petiturum
2321 2375 2383 2415 se

372 2455 547 2513 vitam
602 2454 861 2529 quamvis
916 2452 1170 2521 nocenti,
1226 2451 1336 2508 nisi
1380 2452 1760 2510 voluntariam
1814 2463 2065 2511 mortem
2109 2471 2386 2530 propera-

374 2553 567 2611 visset.

458 2657 559 2709 32.
601 2649 768 2707 Bona
808 2649 956 2706 inter
997 2657 1361 2707 accusatores
1405 2647 1749 2720 dividuntur,
1788 2656 1846 2706 et
1889 2658 2188 2724 praeturae
2226 2660 2393 2709 extra

305 2774 360 2823 ²5
379 2748 646 2809 ordinem
694 2747 861 2804 datae
903 2746 973 2804 iis
1022 2747 1119 2821 qui
1177 2746 1447 2804 senatorii
1503 2745 1722 2804 ordinis
1767 2754 1947 2804 erant.
2033 2757 2168 2805 tunc
2217 2746 2395 2807 Cotta
2415 2766 2446 2811 2

382 2845 747 2914 MessalinuS‚
790 2862 866 2902 ne
913 2844 1108 2920 imago
1151 2843 1396 2902 Libonis
1446 2844 1751 2920 exsequias
1796 2854 2160 2920 posterorum
2209 2847 2392 2903 comi·

383 2953 610 3013 taretur,
668 2942 906 3012 censuit,
963 2940 1072 3000 Cn.
1131 2941 1427 3010 LentuluS,
1485 2959 1559 2998 ne
1615 2942 1742 3017 quis
1791 2941 2123 3001 Scribonius
2174 2962 2393 3019 cogno-

383 3050 647 3113 mentum
699 3039 873 3097 Drusi
930 3037 1271 3097 adsumeret.
1357 3039 1846 3114 supplicationum
1903 3040 2026 3098 dies
2084 3040 2395 3117 Pomponii
2419 3061 2449 3106 3

386 3139 581 3199 Flacci
637 3137 920 3196 sententia
980 3136 1294 3195 constituti.
1380 3136 1535 3193 dona
1581 3134 1719 3208 Iovi,
1772 3135 1962 3206 Marti,
2013 3135 2393 3210 Concordiae,
2418 3157 2452 3203 4

313 3258 374 3312 30
389 3247 567 3314 utque
617 3236 820 3294 iduum
865 3233 1290 3310 Septembrium
1349 3234 1488 3303 dies,
1539 3251 1655 3310 quo
1706 3251 1766 3291 se
1814 3232 1965 3292 Libo
2022 3234 2396 3307 interfecerat,

392 3337 514 3395 dies
563 3335 739 3393 festus
788 3333 1110 3402 haberetur,
1157 3330 1225 3389 L.
1274 3331 1416 3389 lero
1460 3342 1515 3388 et
1557 3329 1759 3389 Gallus
1804 3330 2038 3391 Asinius
2088 3344 2142 3391 et
2187 3334 2397 3411 Papius

395 3434 632 3492 Mutilus
662 3442 719 3491 et
745 3430 812 3488 L.
832 3431 1128 3507 Apronius
1155 3428 1495 3499 decrevere3
1540 3445 1784 3504 quorum
1806 3431 2174 3489 auctoritates
2205 3432 2397 3490 adula-

396 3533 693 3605 tionesque
743 3529 945 3600 rettuli,
993 3539 1055 3585 ut
1101 3528 1342 3586 sciretur
1371 3536 1531 3583 vetus
1578 3526 1635 3582 id
1679 3527 1737 3582 in
1779 3545 1841 3584 re
1892 3529 2118 3602 publica
2168 3530 2393 3588 malum.
