2594 3925
332 227 408 281 44
758 214 1125 266 CORNELII
1163 215 1256 265 TA
1265 215 1429 266 cfr]
1461 213 1884 267 ANNALIUM
1971 204 2186 289 [nme.
2217 214 2332 281 76⁷·

324 376 608 455 populum
655 393 910 448 annona,
954 384 1198 436 cunctos
1247 374 1553 436 dulcedine
1597 377 1701 457 otii
1741 375 1990 455 pellexit,
2032 377 2333 453 insurgere

328 476 620 552 paulatim,
656 474 853 532 munia
890 484 1122 533 senatus
1159 476 1600 551 magistratuum
1637 456 1837 552 legum
1879 476 1939 534 in
1983 493 2045 534 se
2086 475 2332 545 trahere,

329 575 485 633 nullo
519 574 870 644 adversante,
908 591 1042 632 cum
1080 573 1419 633 ferocissimi
1452 592 1555 650 per
1589 575 1744 632 acies
1779 583 1877 633 aut
1910 573 2333 650 proscriptione

329 673 684 751 cecidissent,
728 672 899 731 ceteri
939 672 1237 743 nobilium,
1284 683 1504 749 quanto
1546 673 1677 753 quis
1719 672 2332 761 servitio-promptior,

275 797 304 846 5
327 774 532 851 opibus
580 780 638 830 et
686 770 1002 830 honoribus
1050 771 1455 830 extollerentur
1504 789 1573 829 ac
1625 771 1814 854 novis·
1837 789 1910 829 ex
1958 772 2131 829 rebus
2179 770 2334 829 aucti

329 881 450 931 tuta
482 880 540 930 et
570 870 895 947 praesentia
930 886 1107 944 quam
1146 878 1336 928 vetera
1364 880 1421 929 et
1448 870 1768 947 periculosa
1805 869 2057 928 mallent.
2140 887 2334 945 neque
2360 876 2394 925 2

328 970 654 1049 provinciae
696 968 859 1026 illum
898 984 1091 1025 rerum
1135 976 1347 1025 statum
1389 969 1737 1038 abnuebant,
1782 975 2055 1043 suspecto
2100 976 2334 1025 senatus

328 1068 643 1147 populique
678 1066 920 1142 imperio
954 1066 1033 1123 ob
1068 1066 1382 1124 certamina
1422 1067 1746 1143 potentium
1783 1075 1840 1123 et
1879 1065 2175 1123 avaritiam
2207 1082 2333 1125 ma-

329 1168 681 1244 gistratuum,
708 1164 958 1223 invalido
991 1162 1188 1239 legum
1224 1165 1454 1236 auxilio,
1484 1154 1634 1240 quae
1661 1166 1733 1236 vi,
1764 1166 1999 1235 ambitu,
2034 1173 2334 1241 postremo

256 1290 314 1326 10
331 1266 576 1343 pecunia
600 1264 988 1321 turbabantur.
1038 1332 1049 1340 .

410 1371 467 1424 3.
511 1363 788 1422 Ceterum
810 1362 1110 1438 Augustus
1138 1363 1393 1423 subsidia
1421 1362 1822 1472 dominationiKQ
1836 1360 2144 1448 Claudium
2173 1359 2332 1441 Mar-

286 1518 289 1523 .
333 1464 542 1523 cellum
583 1461 798 1519 sororis
840 1460 1023 1518 filium
1064 1461 1382 1521 admodum
1423 1430 1852 1521 adulescentem
1897 1446 2238 1539 pontificatu
2278 1469 2336 1520 et

333 1561 513 1622 curuli
547 1558 847 1629 aedilitate,
878 1557 963 1615 M.
995 1558 1317 1636 Agrippam
1354 1559 1672 1635 ignobilem
1704 1559 1856 1630 loco,
1883 1561 2108 1617 bonum
2136 1558 2336 1617 militia

332 1670 389 1719 et
425 1658 687 1718 victoriae
727 1657 969 1727 socium,
1008 1658 1320 1732 geminatis
1359 1658 1752 1717 consulatibus
1794 1658 2012 1726 extulit,
2054 1676 2196 1717 mox
2239 1657 2337 1716 de-

258 1785 314 1834 15
335 1760 534 1817 functo
584 1755 864 1815 Marcello
911 1774 1192 1832 generum
1244 1758 1528 1833 sumpsit;
1578 1757 1881 1816 Tiberium
1929 1757 2229 1817 Neronem
2278 1766 2338 1815 et

333 1857 638 1916 Claudium
682 1854 938 1914 Drusum
992 1856 1284 1932 privignos
1340 1857 1713 1933 imperatoriis
1768 1857 2101 1917 nominibus
2157 1857 2336 1927 auxit,

333 1957 555 2033 integra
587 1955 762 2015 etiam
797 1965 922 2013 tum
958 1954 1138 2015 domo
1176 1973 1299 2015 sua.
1384 1974 1523 2015 nam
1562 1955 1793 2032 genitos
1827 1955 2091 2034 Agrippa
2120 1954 2338 2016 Gaium
2365 1972 2401 2016 2

334 2075 403 2115 ac
439 2056 685 2115 Lucium
722 2055 785 2112 in
829 2055 1107 2114 familiam
1148 2054 1463 2114 Caesarum
1498 2054 1816 2126 induxerat,
1852 2055 2104 2113 necdum
2146 2056 2341 2133 posita

334 2155 531 2232 puerili
557 2163 855 2231 praetexta
888 2155 1179 2231 principes
1217 2154 1523 2213 iuventutis
1562 2154 1853 2231 appellari,
1885 2154 2160 2213 destinari
2195 2172 2341 2213 con·

256 2279 317 2314 20
334 2255 484 2314 sules
523 2254 715 2330 specie
747 2254 1064 2312 recusantis
1100 2253 1547 2329 flagrantissime
1579 2253 1885 2330 cupiverat.
1972 2262 2034 2311 ut
2071 2253 2340 2330 Agrippa
2366 2273 2400 2317 3

335 2355 447 2411 vita
475 2353 777 2424 concessit,
806 2351 1051 2411 Lucium
1080 2351 1390 2411 Caesarem
1417 2360 1651 2410 euntem
1680 2351 1755 2410 ad
1784 2350 2194 2427 Hispaniensis
2236 2370 2342 2410 ex-

335 2451 560 2522 ercituS,
611 2449 826 2510 Gaium
866 2459 1234 2509 remeantem
1290 2449 1568 2508 Armenia
1623 2459 1681 2509 et
1734 2449 1965 2509 vulnere
2020 2450 2341 2509 invalidum

334 2568 494 2609 mors
527 2551 644 2634 fato
679 2567 927 2626 propera
964 2549 1053 2607 vel
1091 2566 1376 2607 novercae
1405 2548 1603 2607 Liviae
1639 2548 1807 2608 dolus
1840 2549 2086 2620 abstulit,
2117 2549 2341 2609 Druso-

335 2668 448 2728 que
484 2649 710 2726 pridem
744 2648 1001 2707 extincto
1031 2645 1192 2707 Nero
1227 2647 1384 2706 solus
1417 2666 1450 2706 e
1489 2648 1761 2725 privignis
1794 2658 1930 2720 erat,
1960 2648 2092 2707 illuc
2129 2657 2343 2707 cuncta

260 2772 318 2821 25
336 2766 603 2826 vergere:
646 2748 812 2818 filius,
844 2746 1069 2822 collega
1109 2746 1347 2823 imperii,
1389 2764 1631 2806 consors
1661 2748 1997 2834 tribuniciae
2039 2748 2341 2825 potestatis

338 2847 657 2907 adsumitur
698 2846 1003 2921 omnisque
1044 2863 1146 2921 per
1189 2846 1476 2905 exercitus
1517 2854 1852 2916 ostentatur,
1895 2864 2015 2905 non
2058 2847 2339 2917 obscuriS,

338 2956 402 3005 ut
462 2955 646 3017 antea,
694 2945 891 3003 matris
947 2944 1178 3014 artibus,
1226 2944 1330 3003 sed
1363 2927 1571 3020 'palam
1621 2943 1866 3003 hortatu.
1948 2963 2087 3003 nam
2137 2963 2341 3004 senem
2365 2963 2404 3007 4

339 3043 672 3120 Augustum
714 3042 1048 3127 devinxerat
1086 3043 1253 3114 ade0,
1299 3043 1379 3101 uti
1413 3052 1689 3120 nepotem
1725 3044 1979 3115 unicum,
2017 3045 2341 3122 Agrippam

338 3142 698 3212 Postumum,
753 3141 815 3200 in
876 3141 1127 3200 insulam
1183 3141 1511 3200 Planasiam
1566 3144 1884 3219 proiecerit‚
1942 3143 2145 3202 rudem
2200 3162 2340 3203 sane

262 3266 323 3314 30
340 3244 623 3302 bonarum
668 3241 875 3299 artium
916 3250 973 3299 et
1014 3241 1220 3300 robore
1266 3241 1526 3317 corporis
1569 3241 1772 3300 stolide
1815 3241 2088 3313 ferocem,
2133 3242 2339 3301 nullius

337 3351 535 3399 tamen
588 3339 787 3415 fiagitii
842 3349 1201 3415 conpertum.
1285 3349 1345 3397 at
1399 3339 1628 3398 hercule
1678 3338 2095 3400 Germanicum
2144 3340 2339 3400 Druso
2368 3356 2404 3401 5

340 3449 534 3499 ortum
560 3449 695 3498 octo
722 3437 879 3515 apud
912 3437 1188 3495 Rhenum
1223 3438 1547 3515 legionibus
1585 3439 1839 3514 inposuit
1872 3439 2196 3516 adscirique
2235 3458 2339 3516 per

341 3539 715 3615 adoptionem
740 3555 777 3595 a
798 3536 1038 3595 Tiberio
1066 3536 1240 3608 iussit,
1263 3553 1617 3614 quamquam
1645 3546 1796 3594 esset
1820 3537 1882 3593 in
1912 3537 2093 3597 domo
2122 3538 2340 3597 Tiberii

2176 3651 2182 3661 Q

1985 3679 1991 3688 ι
2077 3677 2082 3684 ⁴·
2177 3673 2184 3686 Ψ
2219 3671 2222 3684 Ι

1929 3677 1954 3719 tf·
2027 3689 2034 3704 ι
2117 3691 2160 3714 ,-
2219 3687 2222 3696 -
