2594 3925
168 253 293 292 ω).
329 231 431 314 ,9.]
760 242 989 291 LIBER
1032 243 1111 289 Π.
1185 242 1337 289 CAP.
1385 235 1597 305 82-87.
2067 241 2176 302 127

168 401 317 470 tulit,
338 412 640 476 tamquam
668 409 870 460 auctus
897 400 1090 458 liberis
1118 399 1346 456 Drusus
1368 397 1610 456 domum
1640 396 1974 455 Germanici
1997 396 2182 471 magis

168 509 468 574 urgueret.
1921 569 1926 574 „

262 603 373 656 85.
418 596 647 655 Eodem
697 615 855 655 anno
898 597 1167 673 gravibus
1225 603 1458 652 senatus
1514 592 1757 651 decretis
1797 593 1979 650 libido
2021 593 2184 650 femi-

172 712 395 752 narum
437 697 686 754 coercita
728 705 1094 770 cautumque,
1127 712 1201 752 ne
1245 702 1552 769 quaestum
1580 710 1819 767 corpore
1850 690 2060 749 faceret
2095 691 2185 749 cui

113 805 148 849 2
174 811 322 850 avus
367 803 468 851 aut
511 805 676 869 pater
723 785 820 851 aut
865 792 1102 850 maritus
1158 809 1338 868 eques
1389 790 1693 849 Romanus
1749 788 1962 848 fuisset.
2050 808 2187 847 nam
2209 812 2236 859 5

179 890 411 949 Vistilia
438 892 722 966 praetoria
750 891 964 950 familia
997 890 1195 967 genita
1235 889 1527 948 licentiam
1562 889 1741 963 stupri
1782 888 1940 963 apud
1978 887 2187 945 aediles

176 989 531 1063 vulgaverat,
580 1007 742 1048 more
777 989 922 1047 inter
971 991 1190 1047 veteres
1234 997 1489 1064 recept0,
1540 986 1640 1062 qui
1690 986 1826 1043 satis
1869 1003 2188 1061 poenarum

178 1086 492 1144 adversum
546 1086 848 1163 inpudicas
905 1087 964 1143 in
1012 1087 1142 1162 ipsa
1182 1084 1545 1161 professione
1602 1084 1800 1160 flagitii
1860 1084 2187 1142 credebant.

116 1194 151 1238 3
181 1194 458 1242 exactum
487 1194 544 1242 et
585 1203 620 1242 a
647 1184 867 1244 Titidio
903 1183 1182 1243 Labeone
1210 1182 1474 1241 Vistiliae
1508 1183 1733 1252 marito,
1775 1199 1877 1240 cur
1913 1182 1975 1238 in
2009 1199 2190 1239 uxore

118 1291 155 1335 4
181 1282 379 1340 delicti
409 1281 717 1341 manifesta
753 1283 1030 1341 ultionem
1056 1282 1202 1358 legis
1229 1282 1532 1341 omisisset.
1603 1289 1774 1357 atque
1804 1279 1899 1337 illo
1927 1289 2189 1355 praeten-
2213 1302 2271 1335 10

183 1378 360 1437 dente
404 1381 708 1456 sexaginta
749 1380 871 1439 dies
913 1380 988 1438 ad
1032 1379 1480 1439 consultandum
1522 1377 1688 1438 datos
1732 1377 1985 1437 necdum
2026 1396 2190 1454 prae-

186 1478 402 1547 terisse,
448 1478 586 1535 satis
630 1479 813 1535 visum
869 1478 942 1536 de
990 1477 1216 1536 Vistilia
1258 1487 1543 1547 statuere;
1605 1494 1789 1553 eaque
1843 1476 1905 1532 in
1946 1476 2191 1535 insulam

123 1581 160 1627 5
192 1573 481 1650 Seriphon
529 1575 724 1635 abdita
768 1587 870 1635 est.
956 1585 1150 1634 actum
1197 1586 1253 1634 et
1306 1576 1381 1634 de
1425 1575 1600 1633 sacris
1646 1574 1945 1651 Aegyptiis
2002 1575 2193 1633 Iudai-

190 1673 387 1748 cisque
447 1674 728 1749 pellendis
769 1674 1103 1750 factumque
1148 1683 1380 1749 patrum
1423 1673 1768 1743 consultum,
1810 1681 1873 1731 ut
1928 1683 2195 1748 quattuor

189 1771 347 1829 milia
392 1771 640 1829 libertini
688 1773 913 1847 generis
969 1791 1040 1830 ea
1082 1772 1487 1847 superstitione
1535 1770 1764 1842 infecta,
1809 1771 1937 1846 quis
1986 1770 2195 1828 idonea
2220 1794 2274 1843 15

189 1877 363 1940 aetas,
389 1869 452 1926 in
479 1869 727 1927 insulam
765 1868 1089 1928 Sardiniam
1128 1868 1488 1940 veherentur,
1519 1868 1856 1926 coercendis
1885 1867 1996 1926 illic
2026 1868 2196 1929 latro-

191 1967 353 2026 ciniis
382 1978 457 2038 et,
481 1968 530 2025 si
551 1968 630 2026 ob
651 1970 987 2044 gravitatem
1017 1968 1161 2027 caeli
1182 1969 1528 2038 interissent,
1543 1967 1654 2025 vile
1683 1966 1964 2024 damnum
1978 1985 1994 2038 ;
2026 1970 2197 2027 ceteri

192 2064 468 2123 cederent
489 2065 669 2137 Italia,
693 2067 801 2124 nisi
831 2076 1048 2126 certam
1077 2076 1212 2125 ante
1241 2068 1398 2126 diem
1419 2065 1693 2142 profanos
1723 2065 1860 2123 ritus
1890 2066 2195 2125 exuissent.

276 2169 381 2221 86.
428 2162 570 2221 Post
591 2181 738 2238 quae
766 2164 978 2222 rettulit
996 2163 1214 2223 Caesar
1235 2163 1581 2240 capiendam
1609 2162 1889 2238 virginem
1916 2163 1976 2220 in
2001 2163 2197 2222 locum

194 2260 431 2331 Occiae,
455 2278 603 2335 quae
632 2270 853 2337 septem
872 2272 930 2320 et
952 2261 1373 2338 quinquaginta
1399 2279 1502 2338 per
1519 2277 1707 2318 annos
1732 2278 1960 2319 summa
1988 2264 2194 2320 sancti·
2217 2285 2277 2320 20

195 2358 398 2415 monia
427 2357 757 2416 Vestalibus
797 2359 973 2418 sacris
1010 2359 1417 2435 praesederat3
1463 2358 1692 2436 egitque
1725 2368 1914 2434 grates
1955 2359 2198 2419 Fonteio

195 2454 494 2531 Agrippae
525 2464 581 2513 et
613 2455 875 2515 Domitio
911 2456 1171 2527 Pollioni,
1203 2456 1364 2533 quod
1400 2456 1702 2516 offerendo
1738 2456 1879 2515 filias
1908 2456 1982 2515 de
2009 2458 2200 2518 officio

132 2562 167 2608 2
196 2552 253 2608 in
300 2570 426 2610 rem
471 2553 765 2628 publicam
800 2563 1097 2613 certarent.
1182 2555 1439 2631 praelata
1463 2541 1562 2612 'est
1601 2553 1875 2612 Pollionis
1920 2555 2049 2626 filia,
2078 2575 2199 2615 non

194 2649 272 2708 ob
302 2649 456 2707 aliud
484 2668 661 2726 quam
690 2650 849 2727 quod
876 2661 1059 2710 mater
1101 2653 1223 2711 eius
1259 2655 1321 2710 in
1359 2651 1566 2711 eodem
1596 2652 1866 2727 coniugio
1894 2654 2198 2726 manebat3

196 2764 335 2803 nam
364 2746 629 2823 Agrippa
657 2747 897 2807 discidio
929 2749 1171 2807 domum
1204 2751 1587 2808 imminuerat.
1671 2759 1728 2808 et
1756 2748 1973 2808 Caesar
1999 2769 2199 2826 quam-
2223 2776 2280 2825 25

196 2844 280 2901 vis
310 2843 700 2919 posthabitam
731 2844 965 2904 deciens
996 2848 1237 2906 sestertii
1265 2848 1402 2907 dote
1431 2848 1648 2906 solatus
1675 2856 1776 2906 est.

281 2947 384 3001 87.
431 2940 738 3000 Saevitiam
783 2961 1051 3003 annonae
1106 2945 1405 3004 incusante
1453 2945 1622 3021 plebe
1678 2944 1871 3003 statuit
1913 2944 2201 3006 frumento

197 3039 463 3113 pretium,
495 3040 655 3115 quod
698 3049 927 3116 emptor
961 3041 1253 3117 penderet,
1284 3042 1572 3119 binosque
1611 3060 1885 3100 nummos
1933 3061 1996 3100 se
2040 3044 2202 3102 addi-

137 3142 170 3187 2
197 3144 389 3193 turum
419 3137 880 3217 ‚negotiatoribus
919 3139 979 3196 in
1032 3140 1291 3215 singulos
1330 3140 1574 3199 modios
1658 3157 1849 3215 neque
1891 3147 2084 3198 tamen
2123 3143 2202 3199 ob

197 3252 266 3291 ea
317 3234 572 3309 parentis
616 3235 833 3310 patriae
881 3235 1132 3295 delatum
1183 3247 1238 3295 et
1294 3246 1465 3295 antea
1512 3237 1858 3296 vocabulum
1904 3237 2196 3309 adsumsit,
2216 3264 2281 3310 30

196 3333 520 3408 acerbeque
564 3330 850 3409 increpuit
890 3352 1008 3405 e08‚
1039 3334 1138 3411 qui
1182 3333 1405 3393 divinas
1443 3334 1855 3409 occupationes
1894 3334 2198 3410 ipsumque

197 3428 499 3487 dominum
528 3430 805 3489 dixerant.
891 3430 1046 3489 unde
1087 3441 1333 3506 angusta
1361 3441 1417 3489 et
1445 3431 1662 3488 lubrica
1694 3430 1880 3489 oratio
1909 3430 2018 3489 sub
2043 3433 2198 3507 prin-

194 3526 341 3602 cipe,
373 3528 472 3603 qui
497 3527 816 3585 libertatem
844 3529 1150 3596 metuebat,
1180 3528 1570 3585 adulationem
1592 3526 1806 3585 oderat.
1838 3581 1851 3593 ,
