2594 3925
362 243 469 302 152
804 236 1165 286 CORNELII
1210 236 1300 285 TA
1312 235 1471 285 CJTJ
1507 236 1928 285 ANNALIUM
2011 223 2222 307 [mue.
2250 247 2358 298 774.

355 401 411 449 et
453 391 749 467 patriciam
790 389 1176 468 Sulpiciorum
1210 378 1487 451 familiam
1534 393 1833 465 Quirinius
1870 393 2160 469 pertinuit,
2201 402 2361 450 ortus

352 489 509 564 apud
536 490 915 565 municipium
950 489 1310 549 Lanuvium:
1357 492 1460 550 sed
1499 492 1744 568 impiger
1771 491 2001 550 militiae
2030 500 2089 549 et
2129 490 2362 548 acribus

352 586 680 646 ministeriis
708 588 1073 646 consulatum
1104 576 1213 647 sub
1241 589 1375 647 divo
1398 589 1685 666 Augusto,
1706 608 1846 648 mox
1876 588 2227 664 expugnatis
2258 605 2363 663 per

355 682 616 742 Ciliciam
644 683 1192 744 Homonadensium
1228 686 1474 746 castellis
1504 686 1752 763 insignia
1789 686 2061 762 triumphi
2095 685 2362 763 adeptuS,

299 805 327 853 5
353 782 632 861 datusque
662 794 848 842 rector
876 782 1029 843 Gaio
1060 783 1293 843 Caesari
1321 784 1660 843 Armeniam
1689 785 1990 861 optinenti.
2051 783 2362 841 Tiberium
2385 792 2417 838 3

353 898 586 958 quoque
621 880 817 956 Rhodi
849 891 1119 958 agentem
1156 882 1445 941 coluerat:
1492 882 1652 959 quod
1685 892 1823 940 tunc
1852 880 2127 957 patefecit
2164 882 2227 938 in
2271 899 2360 938 se-

352 989 508 1050 natu,
542 980 784 1039 laudatis
816 980 878 1036 in
913 997 974 1038 se
1008 980 1211 1039 officiis
1244 989 1303 1039 et
1343 981 1608 1040 incusato
1651 980 1736 1039 M.
1765 980 1973 1050 Lollio,
2002 997 2179 1055 quem
2223 996 2360 1037 auc-

350 1088 537 1136 torem
593 1076 747 1137 Gaio
805 1076 1040 1136 Caesari
1105 1079 1398 1153 pravitatis
1455 1089 1513 1138 et
1569 1079 1989 1137 discordiarum
2058 1077 2358 1152 arguebat.
2381 1084 2417 1130 4

350 1176 456 1234 sed
499 1177 701 1234 ceteris
743 1176 899 1234 haud
941 1175 1092 1235 laeta
1131 1177 1414 1234 memoria
1458 1175 1689 1247 Quirini
1730 1185 1851 1233 erat
1892 1175 1971 1233 ob
2013 1174 2257 1245 intenta,
2297 1181 2359 1231 ut

277 1295 333 1330 10
350 1274 683 1343 memoravi,
728 1272 987 1350 Lepidae
1034 1273 1291 1349 pericula
1340 1274 1752 1350 sordidamque
1800 1282 1857 1332 et
1912 1281 2357 1350 praepotentem

349 1382 657 1431 senectam.

428 1477 535 1529 49.
581 1470 723 1529 Fine
751 1471 890 1529 anni
916 1470 1233 1532 Clutorium
1263 1471 1526 1530 Priscum
1559 1472 1813 1548 equitem
1843 1470 2200 1538 Romanum,
2223 1478 2358 1545 post

348 1569 572 1628 celebre
601 1586 852 1639 carmen,
895 1588 1013 1646 quo
1057 1569 1391 1629 Germanici
1433 1588 1704 1646 suprema
1742 1569 2063 1640 defleverat,
2105 1568 2359 1643 pecunia

351 1666 629 1725 donatum
670 1685 705 1724 a
741 1666 1006 1741 Caesare,
1037 1668 1312 1745 corripuit
1345 1668 1580 1740 delator,
1610 1669 1907 1727 obiectans
1951 1684 2127 1744 aegro
2159 1665 2355 1724 Druso

276 1788 329 1837 15
351 1765 751 1841 composuisse
793 1766 968 1841 quod,
998 1766 1047 1824 si
1083 1767 1369 1826 extinctus
1407 1766 1569 1836 foret,
1608 1767 1829 1825 maiore
1870 1765 2129 1842 praemio
2159 1764 2358 1840 vulga-

349 1873 516 1921 retur.
600 1863 660 1921 id
698 1846 992 1922 ¹Clutorius
1035 1864 1095 1921 in
1137 1864 1320 1923 domo
1363 1864 1428 1923 P.
1458 1864 1729 1935 Petronii,
1762 1882 1934 1923 socru
1975 1864 2097 1921 eius
2123 1861 2357 1921 Vitellia
2382 1873 2414 1916 2

351 1979 549 2020 coram
611 1961 918 2040 multisque
986 1962 1321 2023 inlustribus
1385 1962 1631 2035 feminis,
1697 1982 1802 2040 per
1862 1959 2356 2038 vaniloquentiam

349 2060 582 2136 legerat.
642 2071 705 2118 ut
747 2060 966 2120 delator
1005 2061 1202 2132 extitit,
1238 2062 1442 2121 ceteris
1485 2062 1560 2122 ad
1602 2061 1915 2121 dicendum
1957 2059 2355 2118 testimonium
2380 2073 2411 2118 3

351 2159 639 2228 exterritiS,
697 2159 821 2217 sola
869 2158 1099 2217 Vitellia
1154 2159 1294 2217 nihil
1351 2178 1414 2219 se
1470 2150 1754 2218 audivisse
1796 2138 2165 2219 adseveravit.
2252 2158 2414 2217 seda

273 2279 333 2313 20
351 2257 719 2332 arguentibus
769 2257 845 2315 ad
890 2257 1206 2332 perniciem
1254 2257 1387 2333 plus
1429 2257 1565 2316 fidei
1619 2257 1740 2330 fuit,
1783 2258 2181 2332 sententiaque
2225 2254 2355 2312 Ha-

351 2354 474 2412 terii
502 2353 798 2429 Agrippae
835 2355 1090 2414 consulis
1125 2355 1409 2431 designati
1447 2356 1726 2414 indictum
1768 2372 1869 2414 reo
1909 2354 2175 2412 ultimum
2218 2372 2355 2430 sup—

350 2451 601 2527 plicium.

431 2556 536 2608 50.
583 2548 801 2609 Contra
830 2551 929 2609 Μ’.
960 2551 1214 2628 Lepidus
1253 2553 1312 2611 in
1342 2553 1496 2612 hunc
1523 2553 1764 2612 modum
1803 2570 2043 2612 exorsus
2084 2561 2205 2612 est:
2252 2551 2352 2623 ‘si‚

347 2658 540 2723 patres
597 2649 924 2724 conscripti,
966 2668 1146 2708 unum
1202 2651 1261 2708 id
1326 2661 1666 2726 spectamus,
1713 2669 1889 2726 quam
1933 2650 2151 2709 nefaria
2207 2669 2355 2710 voce

273 2768 330 2818 25
351 2745 636 2804 Clutorius
679 2745 903 2804 Priscus
930 2758 1188 2806 mentem
1240 2766 1404 2806 suam
1433 2757 1488 2808 et
1521 2766 1688 2807 aures
1724 2748 2028 2806 hominum
2068 2749 2351 2825 polluerit,

349 2862 538 2921 neque
585 2862 776 2903 carcer
824 2862 1013 2922 neque
1057 2847 1315 2922 laqueuS,
1367 2865 1439 2905 ne
1496 2846 1723 2905 serviles
1780 2847 2015 2922 quidem
2070 2848 2352 2907 cruciatus

347 2942 408 2999 in
438 2961 571 3001 eum
607 2942 950 3002 suffecerint.
1042 2945 1131 3003 sin
1173 2944 1391 3020 flagitia
1418 2954 1474 3003 et
1515 2944 1782 3003 facinora>
1818 2946 1942 3003 sine
1977 2945 2157 3003 modo
2201 2957 2348 3018 sunt,
2375 2959 2408 3004 2

348 3041 642 3117 suppliciis
692 3059 759 3098 ac
807 3041 1078 3100 remediis
1133 3042 1410 3118 principis
1465 3042 1787 3101 moderatio
1837 3043 2238 3119 maiorumque
2295 3052 2353 3102 et

346 3150 531 3198 vestra
572 3139 836 3214 exempla
878 3149 1217 3216 temperant,
1247 3150 1305 3198 et
1332 3158 1480 3198 vana
1521 3158 1558 3198 a
1599 3141 1871 3211 scelestiS,
1903 3141 2055 3199 dicta
2095 3159 2130 3198 a
2172 3142 2351 3200 male-

267 3259 332 3307 30
350 3237 492 3295 ficiis
521 3237 805 3308 differunt,
841 3247 927 3296 est
953 3238 1116 3296 locus
1154 3238 1486 3309 sententiae,
1518 3257 1620 3314 per
1648 3256 1823 3315 quam
1860 3256 2047 3315 neque
2084 3237 2219 3297 huic
2252 3241 2350 3298 de-

346 3335 544 3394 lictum
572 3335 806 3410 impune
849 3335 921 3393 sit
949 3345 1008 3393 et
1035 3352 1144 3392 nos
1187 3335 1527 3394 clementiae
1570 3336 1736 3394 simul
1764 3355 1833 3395 ac
1876 3336 2185 3394 severitatis
2229 3354 2352 3394 non

344 3433 650 3508 paeniteat.
735 3451 908 3508 saepe
964 3432 1152 3490 audivi
1198 3432 1520 3507 principem
1576 3443 1836 3491 nostrum
1882 3445 2351 3511 conquerentem,
2375 3455 2407 3500 3

346 3530 397 3588 si
424 3530 551 3607 quis
592 3540 822 3605 sumpta
863 3540 1048 3589 morte
1089 3530 1544 3590 misericordiam
1586 3532 1706 3590 eius
1746 3532 2152 3608 praevenisset.
2237 3534 2353 3592 vita
2373 3551 2410 3597 4
