2594 3925
214 233 333 273 Aa).
368 209 479 295 24]
556 194 573 212 ²
790 217 1020 267 LIBER
1061 215 1160 268 JV.
1227 214 1381 264 cAP.
1431 224 1648 280 25-29·
2104 207 2208 265 181

136 394 191 438 3
213 392 440 441 tantem
493 398 629 439 cum
680 377 934 436 maxime
983 375 1446 435 coniurationem
1494 374 1732 433 disiecit.
1814 374 2136 447 missusque
2183 387 2219 428 a

215 480 468 540 Caesare
517 495 765 555 propere
816 476 1006 535 Staius
1055 474 1319 533 tribunus
1370 491 1504 532 cum
1552 473 1739 531 valida
1786 489 1965 530 manu
2010 471 2219 528 ducem
2317 533 2322 537 ⁴

217 579 415 656 ipsum
441 586 500 636 et
532 576 831 653 proximos
865 572 1104 632 audacia
1138 573 1198 629 in
1226 573 1428 629 urbem
1463 571 1650 641 traxit,
1678 570 1795 628 iam
1830 569 2112 645 trepidam
2139 568 2221 626 ob

214 675 647 735 multitudinem
690 672 1050 741 familiarum,
1092 688 1242 747 quae
1285 669 1567 745 gliscebat
1607 669 1953 738 inmensum,
1995 667 2222 724 minore

214 775 278 833 in
307 774 436 832 dies
463 773 635 849 plebe
662 772 933 848 ingenua.
2244 789 2268 835 5

298 878 409 931 28.
453 870 651 929 Isdem
693 868 1029 928 consulibus
1072 868 1434 929 miseriarum
1472 887 1543 927 ac
1584 866 1849 926 saevitiae
1890 864 2221 940 exemplum

215 981 404 1042 atrox,
459 985 591 1026 reus
645 977 825 1043 pater,
883 976 1186 1025 accusator
1241 967 1391 1025 filius
1448 961 1693 1042 (nomen
1759 964 1981 1039 utrique
2017 961 2223 1020 Vibius

146 1076 190 1120 2
218 1064 498 1144 Serenus)
527 1066 588 1123 in
615 1077 882 1125 senatum
909 1064 1127 1123 inducti
1156 1075 1306 1124 sunt.
1374 1067 1454 1124 ab
1481 1065 1654 1123 exilio
1682 1072 1960 1122 retractus
1985 1061 2222 1119 inluvie-

215 1183 331 1241 que
376 1183 447 1224 ac
490 1164 752 1241 squalore
794 1163 1015 1221 obsitus
1058 1172 1116 1221 et
1158 1171 1280 1220 tum
1324 1173 1532 1222 catena
1573 1162 1796 1222 vinctus
1836 1169 1996 1237 pater
2038 1158 2225 1217 oranti

216 1264 337 1323 filio
382 1273 765 1340 comparatur.
849 1260 1193 1321 adulescens
1239 1262 1433 1322 multis
1482 1261 1795 1331 munditiiS,
1840 1258 2010 1318 alacri
2046 1257 2220 1327 vultu,
2246 1280 2305 1316 10

218 1372 465 1422 structas
500 1362 746 1439 principi
783 1360 1039 1430 insidiaS,
1075 1361 1287 1418 missos
1330 1361 1391 1417 in
1431 1359 1683 1418 Galliam
1722 1357 2049 1417 concitores
2090 1355 2223 1414 belli

217 1462 398 1521 index
426 1461 583 1519 idem
610 1469 669 1518 et
695 1459 854 1517 testis
881 1458 1129 1529 dicebat,
1157 1458 1617 1535 adnectebatque
1647 1455 1965 1516 Caecilium
1993 1454 2221 1514 Cornu-

219 1571 344 1619 tum
372 1558 725 1636 praetorium
753 1556 1162 1615 ministravisse
1196 1557 1542 1633 pecuniam;
1585 1556 1683 1632 qui
1711 1554 1906 1614 taedio
1941 1572 2221 1625 curarum,

218 1670 278 1718 et
304 1657 443 1735 quia
480 1656 800 1733 periculum
833 1673 943 1731 pro
986 1655 1162 1733 exitio
1205 1654 1541 1727 habebatur,
1573 1664 1822 1713 mortem
1864 1653 1925 1711 in
1968 1671 2028 1712 se
2069 1652 2224 1711 festi-

155 1771 191 1815 3
219 1757 394 1816 navit.
467 1764 527 1812 at
567 1763 768 1813 contra
800 1770 932 1812 reus
965 1752 1104 1811 nihil
1147 1753 1393 1812 infracto
1421 1753 1620 1811 animo
1647 1754 1924 1811 obversus
1953 1751 2014 1809 in
2041 1751 2222 1809 filium
2249 1773 2301 1823 15

218 1864 458 1932 quatere
492 1851 698 1922 vincla,
729 1870 936 1911 vocare
969 1852 1186 1912 ultores
1220 1851 1381 1924 deOS,
1410 1863 1475 1910 ut
1511 1851 1617 1909 sibi
1647 1850 1883 1926 quidem
1919 1849 2227 1908 redderent

219 1952 474 2022 exilium,
503 1950 603 2008 ubi
636 1950 840 2026 procul
872 1949 970 2009 tali
1002 1968 1166 2008 more
1200 1959 1411 2026 ageret,
1440 1949 1620 2008 filium
1653 1958 1847 2008 autem
1876 1947 2223 2025 quandoque

154 2065 193 2109 4
221 2050 506 2128 supplicia
535 2057 923 2126 sequerentur.
986 2048 1472 2125 adseverabatque
1501 2050 1873 2107 innocentem
1902 2044 2225 2104 Cornutum

220 2158 281 2206 et
328 2147 474 2205 falso
524 2146 893 2217 exterritum3
957 2145 1132 2220 idque
1175 2146 1343 2205 facile
1391 2146 1697 2215 intellectu,
1750 2145 1798 2203 si
1847 2143 2225 2220 proderentur

223 2246 355 2303 alii:
401 2263 526 2303 non
563 2244 719 2301 enim
757 2261 821 2302 se
859 2242 1100 2302 caedem
1143 2243 1420 2320 principis
1461 2254 1521 2302 et
1558 2261 1650 2302 res
1687 2261 1869 2301 novas
1906 2260 2026 2300 uno
2066 2242 2226 2301 socio
2247 2265 2307 2301 20

223 2344 531 2419 cogitasse.

304 2447 414 2501 29.
457 2440 617 2498 Tum
655 2449 960 2499 accusator
997 2437 1109 2499 Cn.
1151 2438 1462 2499 Lentulum
1502 2449 1562 2499 et
1611 2439 1807 2498 Seium
1848 2426 2228 2501 Tuberonem

223 2539 510 2608 nominat,
559 2556 780 2613 magno
837 2537 1061 2614 pudore
1111 2537 1393 2609 CaesariS,
1446 2556 1581 2613 cum
1636 2538 1917 2614 primores
1971 2537 2226 2605 civitatiS,

224 2636 410 2695 intimi
466 2636 646 2712 ipsius
702 2636 892 2707 amici,
942 2636 1223 2695 Lentulus
1272 2637 1582 2695 senectutis
1632 2646 1939 2708 extremae,
1989 2634 2228 2693 Tubero

225 2733 455 2794 defecto
497 2752 758 2810 corpore,
801 2734 1074 2792 tumultus
1115 2734 1340 2792 hostilis
1381 2744 1439 2792 et
1477 2734 1796 2793 turbandae
1837 2733 1918 2792 rei
1967 2733 2228 2809 publicae
2251 2759 2272 2815 ᾳ
2279 2756 2306 2807 5

225 2841 673 2892 accerserentur.
757 2832 862 2891 sed
894 2831 953 2889 hi
983 2831 1218 2908 quidem
1252 2833 1447 2891 statim
1475 2833 1764 2908 exempti:
1809 2833 1870 2889 in
1904 2841 2126 2908 patrem
2155 2850 2228 2891 ex

160 2948 198 2993 2
224 2931 404 2989 servis
452 2930 795 3006 quaesitum,
844 2939 904 2988 et
951 2931 1218 3006 quaestio
1266 2931 1507 2990 adversa
1561 2930 1880 2990 accusatori
1925 2929 2044 2988 fuit.
2129 2931 2230 3006 qui

224 3028 445 3086 scelere
477 3046 735 3099 vaecors,
767 3027 946 3087 simul
984 3028 1139 3104 vulgi
1176 3046 1406 3087 rumore
1438 3029 1681 3099 territuS,
1720 3029 1897 3087 robur
1930 3037 1989 3085 et
2023 3046 2226 3087 saxum

162 3143 198 3189 3
225 3135 327 3185 aut
375 3126 794 3202 parricidarum
842 3144 1064 3202 poenas
1112 3127 1518 3198 minitantium,
1561 3127 1732 3186 cessit
1779 3127 1934 3184 urbe.
2019 3144 2089 3184 ac
2138 3144 2227 3185 re-

226 3233 442 3282 tractus
482 3223 768 3282 Ravenna
803 3226 1042 3299 exsequi
1079 3225 1515 3283 accusationem
1552 3225 1812 3301 adigitur,
1853 3241 1974 3281 non
2011 3225 2226 3284 occult·
2248 3249 2311 3297 30

164 3340 202 3386 4
227 3331 365 3380 ante
392 3320 633 3380 Tiberio
670 3314 832 3380 vetus
866 3321 1066 3380 odium
1103 3321 1405 3380 adversum
1443 3322 1674 3381 exulem
1710 3320 2005 3381 Serenum.
2089 3341 2228 3381 nam

227 3428 361 3495 post
402 3419 743 3478 damnatum
784 3419 1071 3478 Libonem
1109 3419 1301 3478 missis
1339 3419 1414 3478 ad
1454 3420 1765 3479 Caesarem
1808 3418 1978 3477 literis
2020 3438 2227 3497 expro-

229 3518 489 3576 braverat
518 3534 687 3576 suum
714 3527 937 3576 tantum
966 3516 1214 3574 studium
1243 3518 1367 3576 sine
1396 3518 1581 3575 fructu
1609 3517 1800 3585 fuisse,
1823 3516 2230 3595 addideratque
