2594 3925
419 246 532 320 196
863 250 1220 301 CORNELII
1261 250 1350 301 TA
1362 251 1523 301 ειη
1552 250 1970 300 ANNALIUM
2064 236 2145 322 [A.
2155 259 2211 301 υ.
2220 259 2269 302 c.
2298 260 2403 316 779·

412 407 472 466 id
526 408 929 486 imperatorem
983 408 1177 486 palam
1227 408 1452 481 audere,
1495 416 1777 468 secretum
1834 408 1910 467 ad
1962 406 2406 486 perpetrandum

413 507 625 582 quaeri.

493 610 596 664 55.
626 604 741 663 Sed
750 604 966 664 Caesar
982 623 1100 683 quo
1118 605 1335 663 famam
1356 613 1645 676 averteret,
1664 605 1866 664 adesse
1883 604 2151 682 frequens
2170 604 2406 676 senatui,

410 700 742 780 legatosque
783 704 974 775 Asiae,
1017 703 1380 779 ambigentes
1421 720 1677 779 quanam
1734 703 1795 761 in
1851 703 2076 762 civitate
2126 703 2406 779 templum

357 822 385 872 ⁵
410 809 762 874 statueretur,
789 802 967 878 pluris
1004 820 1110 878 per
1143 801 1265 860 dies
1299 801 1525 862 audivit.
1586 801 1860 860 undecim
1894 802 2067 859 urbes
2095 802 2408 869 certabant,
2432 810 2475 857 2

408 900 530 976 pari
560 900 890 971 ambitione,
919 899 1130 958 viribus
1162 898 1438 970 diversae,
1468 917 1657 976 neque
1685 899 1927 957 multum
1967 897 2237 957 distantia
2265 898 2412 956 inter

406 1013 470 1055 se
525 999 929 1057 memorabant
996 998 1069 1056 de
1122 1007 1408 1057 vetustate
1467 997 1712 1073 generiS,
1770 997 1959 1056 studio
2013 996 2073 1054 in
2128 996 2409 1073 populum

407 1093 742 1155 Romanum
783 1114 886 1172 per
926 1095 1079 1155 bella
1120 1095 1280 1154 Persi
1331 1105 1388 1154 et
1426 1094 1740 1154 Aristonici
1783 1095 2139 1171 aliorumque
2188 1112 2409 1171 regum.

405 1211 604 1251 verum
662 1194 1013 1271 Hypaepeni
1057 1193 1452 1270 Trallianique
1507 1192 1854 1252 Laodicenis
1904 1210 1975 1251 ac
2032 1191 2408 1268 Magnetibus
2433 1209 2465 1255 8

333 1313 390 1351 10
408 1291 574 1351 simul
623 1291 872 1350 tramissi
924 1302 989 1350 ut
1043 1309 1251 1369 parum
1292 1291 1464 1350 validi
1478 1309 1496 1364 3
1553 1310 1629 1349 ne
1684 1291 1926 1349 Ilienses
1974 1290 2230 1368 quidem,
2277 1307 2408 1348 cum
2430 1306 2469 1352 4

406 1398 707 1466 parentem
758 1389 914 1447 urbis
971 1388 1202 1448 Romae
1250 1389 1493 1448 Troiam
1549 1388 1837 1461 referrent,
1893 1388 2003 1447 nisi
2060 1388 2409 1465 antiquitatis

406 1486 588 1563 gloria
639 1486 950 1563 pollebant.
1041 1486 1281 1564 paulum
1338 1485 1754 1557 addubitatum,
1811 1486 1969 1562 quod
2025 1485 2409 1545 Halicarnasii
2430 1500 2464 1547 5

406 1583 562 1643 mille
588 1594 647 1643 et
674 1583 958 1643 ducentos
985 1602 1088 1661 per
1116 1603 1304 1650 annos
1340 1585 1499 1643 nullo
1529 1595 1691 1644 motu
1719 1594 1899 1643 terrae
1926 1584 2215 1643 nutavisse
2245 1584 2410 1643 sedes

405 1699 540 1741 suas
598 1682 840 1759 vivoque
904 1682 967 1740 in
1022 1700 1167 1741 saxo
1232 1682 1611 1741 fundamenta
1665 1682 1865 1759 templi
1920 1682 2410 1742 adseveraverant.

334 1801 388 1853 15
406 1779 799 1857 Pergamenos
833 1778 932 1860 (eo
973 1780 1105 1857 ipso
1149 1778 1500 1858 nitebantur)
1528 1780 1670 1839 aede
1697 1781 1963 1857 Augusto
2003 1780 2083 1839 ibi
2124 1781 2231 1839 sita
2274 1782 2411 1841 satis
2432 1794 2466 1840 6

406 1878 648 1956 adeptos
673 1880 971 1939 creditum.
1030 1878 1271 1956 Ephesii
1292 1878 1636 1955 Milesiique,
1661 1878 1720 1937 hi
1736 1878 2046 1955 Apollinis,
2076 1879 2156 1937 illi
2182 1878 2412 1939 Dianae

408 1979 759 2038 caerimonia
812 1979 1186 2055 occupavisse
1243 1978 1499 2038 civitates
1553 1978 1673 2037 visi.
1763 1978 1842 2036 ita
1900 1977 2208 2038 Sardianos
2265 1981 2414 2039 inter

409 2075 874 2153 Zmyrnaeosque
903 2077 1293 2135 deliberatum.
1368 2076 1629 2135 Sardiani
1657 2075 1952 2135 decretum
1980 2076 2238 2135 Etruriae
2266 2079 2413 2138 reci·
2434 2089 2466 2139 '1

408 2184 596 2233 tavere
641 2183 705 2232 ut
752 2174 1203 2250 consanguinei:
1260 2191 1398 2232 nam
1454 2173 1818 2251 Tyrrhenum
1859 2173 2202 2251 Lydumque
2258 2176 2414 2253 Atye

332 2296 392 2331 20
408 2290 545 2348 rege
562 2272 790 2349 genitos
812 2274 891 2331 ob
918 2272 1344 2330 multitudinem
1373 2272 1630 2331 divisisse
1652 2281 1922 2348 gentem3
1964 2272 2194 2349 Lydum
2210 2275 2413 2349 patriis

408 2369 471 2428 in
497 2371 657 2429 terris
685 2370 982 2442 resedisse,
1005 2369 1312 2446 Tyrrheno
1347 2370 1546 2428 datum
1574 2388 1754 2428 novas
1791 2380 1854 2428 ut
1895 2370 2171 2430 conderet
2199 2372 2409 2446 sedes;

408 2477 467 2527 et
506 2467 717 2526 ducum
763 2487 796 2526 e
844 2467 1177 2527 nominibus
1220 2468 1400 2526 indita
1441 2467 1723 2527 vocabula
1766 2468 1874 2526 inis
1915 2486 2018 2545 per
2057 2469 2280 2542 Asiam,
2322 2470 2412 2529 his

409 2567 471 2623 in
519 2565 721 2639 Italia3
764 2575 1109 2643 auctamque
1150 2565 1340 2624 adhuc
1381 2565 1680 2643 Lydorum
1720 2566 2074 2643 opulentiam
2117 2568 2309 2627 missis
2351 2569 2413 2626 in

411 2662 719 2723 Graeciam
760 2664 1004 2741 populis,
1046 2664 1138 2723 cui
1174 2682 1314 2723 mox
1357 2683 1392 2723 a
1431 2665 1647 2741 Pelope
1691 2682 1926 2724 nomen.
2013 2665 2181 2724 simul
2221 2666 2412 2726 literas
2433 2681 2467 2727 8

333 2783 390 2834 25
410 2762 821 2838 imperatorum
841 2771 897 2821 et
922 2762 1036 2822 icta
1064 2761 1366 2820 nobiscum
1388 2761 1622 2821 foedera
1648 2761 1799 2821 bello
1822 2761 2216 2821 Macedonum
2241 2766 2410 2823 uber-

409 2869 697 2937 tatemque
726 2860 1032 2918 fluminum
1071 2878 1324 2932 suorum,
1354 2861 1693 2937 temperiem
1733 2860 1880 2919 caeli
1915 2878 1986 2920 ac
2024 2860 2167 2919 dites
2196 2862 2410 2921 circum

410 2967 584 3017 terras
610 2958 1026 3018 memorabant.

492 3062 597 3115 56.
641 3056 719 3113 At
748 3056 1051 3132 Zmyrnaei
1068 3057 1309 3132 repetita
1328 3065 1620 3127 vetustate,
1642 3075 1745 3116 sen
1774 3054 2054 3114 Tantalus
2082 3055 2225 3114 Iove
2253 3067 2409 3116 ortus

411 3153 555 3224 inos,
587 3154 702 3212 sive
731 3152 996 3212 Theseus
1037 3152 1228 3211 divina
1264 3163 1323 3211 et
1355 3154 1477 3230 ipse
1516 3155 1708 3231 stirpe,
1737 3155 1854 3213 sive
1894 3172 2012 3212 una
2044 3154 2408 3213 Amazonum

335 3274 396 3323 30
416 3252 780 3322 condidisset,
826 3250 1233 3310 transcendere
1280 3251 1354 3310 ad
1409 3270 1496 3324 ea,
1546 3253 1675 3328 quis
1730 3252 1981 3310 maxime
2029 3251 2303 3323 fidebant,
2351 3254 2408 3311 in

411 3350 690 3427 populum
734 3348 1069 3407 Romanum
1111 3348 1332 3421 officiis,
1375 3350 1554 3408 missa
1602 3350 1791 3408 navali
1841 3350 2011 3425 copia
2059 3368 2183 3408 non
2233 3349 2406 3410 modo

414 3458 649 3505 externa
676 3447 751 3505 ad
779 3446 943 3517 bella,
968 3445 1072 3504 sed
1093 3464 1243 3523 quae
1264 3447 1327 3504 in
1354 3447 1519 3505 Italia
1552 3447 1938 3506 tolerabantur
1946 3466 1962 3519 3
1993 3465 2170 3523 seque
2193 3449 2405 3524 primos

413 3544 690 3621 templum
731 3544 888 3603 urbis
928 3544 1158 3604 Romae
1203 3545 1480 3618 statuisse,
1525 3545 1609 3605 M.
1641 3545 1847 3604 Porcio
1889 3544 2143 3615 consule,
2179 3545 2400 3622 magnis
