2594 3925
391 221 500 276 188
831 221 1193 274 CORNELII
1231 222 1322 271 TA
1332 221 1492 271 σιτ]
1523 220 1943 271 ANNALJUM
2033 208 2257 292 [Aac.
2285 221 2419 284 778·

381 382 684 459 penatibus
733 379 918 439 isdem
962 379 1327 438 tolerandum
1379 378 1661 451 haberet3
1731 395 1862 438 esse
1907 377 1986 435 illi
2032 388 2297 435 matrem
2351 383 2420 434 et

384 480 588 551 aviam,
632 479 904 556 propiora
945 477 1204 536 consilia.
1289 476 1605 553 simplicius
1647 486 1927 547 acturum,
1962 475 2036 533 de
2077 474 2418 533 inimicitiis
2445 481 2479 525 3

382 578 633 654 primum
672 576 1044 653 Agrippinae,
1088 592 1233 651 quas
1273 574 1449 650 longe
1492 574 1678 632 acrius
1718 591 1958 644 arsuraS,
2002 573 2050 631 si
2090 572 2418 631 matrimo-

384 677 546 734 nium
592 674 786 734 Liviae
810 674 983 758 =velut
1030 674 1090 731 in
1135 682 1327 749 partes
1374 671 1616 729 domum
1649 669 1973 729 Caesarum
2014 670 2414 729 distraxisset.

333 798 360 846 5
384 775 468 833 sic
509 792 741 852 quoque
782 789 1082 848 erumpere
1134 768 1585 828 aemulationem
1635 768 1995 838 feminarum,
2040 786 2234 844 eaque
2283 768 2413 825 dis·
2437 774 2477 820 4

386 873 585 932 cordia
612 881 856 948 nepotes
885 887 1023 929 suos
1052 867 1333 927 convelli:
1378 866 1523 942 quid
1544 866 1593 924 si
1614 866 1945 925 intendatur
1966 875 2272 925 certamen
2305 866 2412 923 tali

386 971 701 1047 coniugio?
763 967 1001 1029 ‘falleris
1042 965 1217 1036 enim,
1258 964 1486 1036 Seiane,
1517 964 1568 1023 si
1600 974 1657 1022 te
1695 981 2035 1022 mansurum
2072 964 2135 1020 in
2178 964 2410 1022 eodem
2435 976 2468 1020 5

387 1070 589 1128 ordine
644 1078 831 1146 putaS,
879 1078 937 1124 et
984 1064 1227 1133 Liviam,
1282 1081 1433 1139 quae
1491 1061 1643 1120 Gaio
1703 1061 1958 1131 Caesari,
2007 1078 2150 1119 mox
2195 1060 2408 1119 Druso

387 1178 568 1245 nupta
598 1167 780 1237 fuerit,
809 1183 881 1224 ea
921 1172 1115 1222 mente
1154 1172 1426 1232 acturam,
1465 1170 1528 1219 ut
1569 1179 1706 1218 cum
1746 1161 1937 1237 equite
1984 1159 2267 1220 Romano
2313 1178 2408 1219 se-

319 1290 371 1326 ιο
388 1276 605 1325 nescat.
703 1282 816 1340 ego
857 1273 922 1321 ut
963 1262 1167 1332 sinam,
1211 1259 1474 1319 credisne
1517 1276 1794 1336 passuros
1834 1260 1933 1337 qui
1975 1259 2208 1319 fratrem
2252 1261 2404 1330 eiuS,
2428 1271 2466 1318 8

389 1365 485 1441 qui
531 1373 755 1440 patrem
798 1360 1162 1438 maioresque
1203 1371 1436 1418 nostros
1477 1359 1537 1417 in
1581 1358 1823 1419 summis
1864 1360 2118 1437 imperiis
2161 1358 2405 1417 videre?

389 1463 474 1521 vis
504 1472 564 1520 tu
597 1460 829 1537 quidem
856 1461 1031 1518 istum
1065 1460 1216 1516 intra
1255 1458 1453 1517 locum
1491 1459 1731 1518 sistere:
1775 1458 1878 1517 sed
1918 1459 1998 1517 illi
2029 1459 2405 1536 magistratus
2426 1473 2461 1522 ’1

389 1569 448 1617 et
474 1560 772 1636 primores,
802 1558 902 1634 qui
929 1567 986 1616 te
1014 1556 1252 1615 invitum
1279 1566 1659 1633 perrumpunt
1697 1557 2083 1634 omnibusque
2111 1557 2186 1615 de
2223 1558 2404 1616 rebus

389 1656 717 1729 consulunt,
745 1655 1063 1715 excessisse
1090 1655 1206 1712 iam
1235 1654 1463 1730 pridem
1495 1664 1760 1731 equestre
1781 1654 2076 1731 fastigium
2102 1654 2402 1732 longeque

318 1780 370 1828 15
391 1756 601 1814 antisse
644 1755 819 1832 patris
861 1753 975 1811 mei
1019 1752 1300 1812 amicitias
1343 1770 1465 1811 non
1505 1753 1713 1811 occulti
1755 1752 1944 1812 ferunt
1993 1769 2211 1830 perque
2253 1753 2401 1811 invi-

393 1855 549 1914 diam
578 1854 658 1912 tui
683 1871 778 1911 me
806 1869 1041 1929 quoque
1067 1852 1353 1910 incusant.
1417 1861 1477 1909 at
1505 1851 1665 1909 enim
1692 1851 1991 1926 Augustus
2019 1850 2200 1909 filiam
2231 1869 2399 1909 suam

392 1954 568 2031 equiti
597 1951 871 2012 Romano
900 1950 1126 2010 tradere
1154 1949 1462 2009 meditatus
1488 1961 1593 2009 est.
1663 1949 1875 2008 mirum
1902 1949 2151 2022 hercule,
2183 1949 2234 2008 si
2265 1967 2396 2009 cum
2419 1953 2458 2007 ε’

392 2053 454 2109 in
481 2052 674 2110 omnis
712 2068 881 2109 curas
910 2047 1318 2108 distraheretur
1350 2049 1817 2124 immensumque
1854 2048 2031 2106 attolli
2072 2048 2396 2124 provideret

394 2168 567 2228 quem
609 2148 1022 2207 coniunctione
1056 2146 1153 2204 tali
1192 2164 1368 2222 super
1409 2146 1555 2204 alios
1597 2147 1909 2217 extulisset,
1941 2144 2009 2204 C.
2032 2145 2392 2204 Proculeium

319 2273 379 2307 20
396 2259 453 2306 et
488 2246 777 2322 quosdam
811 2246 872 2302 in
908 2244 1273 2303 sermonibus
1307 2243 1514 2313 habuit¹
1548 2245 1764 2320 insigni
1797 2244 2200 2320 tranquillitate
2232 2244 2392 2314 vitae,

396 2345 563 2402 nullis
618 2344 700 2402 rei
754 2343 1019 2419 publicae
1077 2342 1327 2418 negotiis
1370 2342 1709 2418 permixtos·
1793 2342 1898 2402 sed
1949 2342 1998 2401 si
2043 2342 2392 2400 dubitatione
2414 2357 2445 2402 9

395 2441 638 2518 Augusti
664 2458 986 2512 movemur,
1014 2449 1236 2518 quanto
1263 2439 1502 2498 validius
1540 2449 1627 2499 est
1654 2441 1814 2517 quod
1852 2438 2057 2498 Marco
2086 2440 2389 2516 Agrippae,

394 2559 534 2599 mox
567 2538 708 2597 mihi
745 2539 1116 2597 conlocavit?
1166 2547 1340 2615 atque
1369 2556 1482 2613 ego
1521 2537 1666 2597 haec
1700 2555 1809 2614 pro
1843 2537 2099 2596 *amicitia
2134 2555 2258 2595 non
2295 2554 2388 2595 oc·
2412 2555 2468 2600 10

395 2637 633 2697 cultavi:
694 2647 951 2696 ceterum
993 2654 1183 2713 neque
1233 2636 1345 2694 tuis
1388 2654 1578 2713 neque
1620 2635 1818 2694 Liviae
1861 2634 2157 2695 destinatis
2200 2635 2389 2694 adver-

321 2760 378 2810 25
399 2738 587 2796 sabor.
669 2735 794 2812 ipse
841 2735 984 2811 quid
1030 2735 1178 2794 intra
1221 2734 1481 2793 animum
1521 2733 1912 2804 volutaverim,
1957 2733 2165 2810 quibus
2210 2732 2386 2790 adhuc
2409 2753 2463 2798 n

397 2834 917 2895 necessitudinibus
949 2834 1254 2892 inmiscere
1293 2842 1351 2891 te
1385 2831 1528 2889 mihi
1569 2850 1785 2907 parem,
1815 2831 2079 2891 omittam
2118 2830 2194 2889 ad
2234 2849 2387 2906 prae-

399 2952 535 2992 sens
578 2932 823 2993 referre:
887 2932 950 2991 id
989 2941 1214 2990 tantum
1261 2930 1535 3007 aperiam,
1577 2929 1717 2987 nihil
1759 2946 1886 2988 esse
1927 2939 2048 2987 tam
2087 2927 2384 3001 excelsum,
2408 2946 2465 2992 12

397 3033 554 3109 quod
582 3049 706 3090 non
730 3031 964 3089 virtutes
990 3030 1136 3089 istae
1162 3041 1407 3105 tuusque
1434 3028 1496 3087 in
1534 3046 1630 3087 me
1663 3027 1890 3086 animus
1925 3038 2263 3097 mereantur,
2290 3026 2383 3084 da-

400 3143 573 3208 toque
601 3140 864 3206 tempore
892 3128 982 3187 vel
1009 3127 1071 3186 in
1098 3137 1302 3186 senatu
1328 3127 1418 3185 vel
1444 3127 1506 3184 in
1534 3126 1809 3185 contione
1837 3143 1961 3184 non
1988 3123 2270 3183 reticebo?

319 3252 382 3301 30
480 3234 580 3289 41.
620 3227 875 3287 Rursum
919 3224 1179 3296 Seianus,
1221 3243 1346 3284 non
1385 3225 1502 3283 iam
1543 3224 1616 3282 de
1657 3223 2044 3295 matrimoniO,
2089 3221 2195 3282 sed
2233 3221 2379 3280 altius

398 3338 681 3397 metuenS,
716 3325 891 3385 tacita
929 3324 1344 3400 suspicionum,
1379 3322 1536 3399 vulgi
1573 3339 1880 3393 rumorem,
1910 3321 2267 3398 ingruentem
2299 3320 2377 3377 in-

400 3425 612 3484 vidiam
639 3423 993 3499 deprecatur.
1045 3440 1114 3480 ac
1141 3440 1217 3479 ne
1246 3421 1525 3481 adsiduos
1552 3421 1613 3477 in
1643 3419 1885 3478 domum
1913 3430 2113 3478 coetus
2141 3418 2371 3476 arcendo
2397 3435 2429 3480 2

401 3522 735 3596 infringeret
761 3521 1083 3595 potentiam
1102 3529 1198 3577 aut
1226 3518 1577 3594 receptando
1606 3516 1933 3576 facultatem
1964 3516 2372 3575 criminantibus
