2594 3925
363 219 482 278 206
560 191 566 197 ⁶
810 224 1173 275 CORNELII
1209 224 1302 275 TA
1314 224 1476 275 CJTJ
1505 221 1925 276 ANNALJUM
2014 211 2221 296 [A.15.c.
2259 222 2337 286 78
2351 237 2401 272 ι.

363 383 642 460 reliquum
688 382 1029 443 auxiliorum
1070 383 1255 442 tradit.
1341 394 1510 461 atque
1553 383 1645 441 ille
1691 382 1865 441 dubia
1912 400 2145 441 suorum
2190 402 2260 441 re
2325 380 2398 438 in

365 499 581 557 anceps
648 490 862 540 tractus
930 480 1122 540 missis
1191 482 1404 539 nuntiis
1473 482 1589 538 vim
1657 481 1954 558 legionum
2025 480 2393 557 inplorabat.

362 587 748 656 prorumpunt
794 578 1055 655 quintani
1104 588 1236 637 ante
1285 579 1428 637 alios
1477 587 1533 638 et
1580 579 1696 637 acri
1745 596 1944 654 pugna
1989 577 2153 637 hoste
2194 576 2394 653 pulso
2425 589 2462 634 5

364 677 645 753 recipiunt
714 677 965 736 cohortis
1022 677 1258 754 alasque
1315 676 1496 736 fessas
1550 676 1892 736 vulneribus.
2001 692 2190 751 neque
2245 673 2391 732 dux
2421 686 2462 731 6

314 795 342 846 5
368 773 670 833 Romanus
749 775 932 832 ultum
1016 776 1078 833 iit
1160 783 1259 833 aut
1341 792 1584 851 corpora
1666 774 1935 845 humavit,
2014 788 2392 849 quamquam
2426 777 2429 782 “

366 873 526 930 multi
567 873 924 931 tribunorum
985 872 1523 949 praefectorumque
1578 881 1636 932 et
1691 872 1949 948 insignes
2005 870 2389 929 centuriones

367 970 722 1029 cecidissent.
853 988 991 1029 mox
1077 981 1444 1047 compertum
1526 988 1562 1030 a
1644 967 1953 1045 transfugis
2036 976 2385 1044 nongentos
2414 977 2453 1027 7

368 1068 772 1128 Romanorum
866 1069 1022 1145 apud
1110 1069 1305 1128 lucum
1402 1087 1578 1145 quem
1679 1067 2073 1125 Baduhennae
2160 1072 2385 1123 vocant

367 1184 565 1243 pugna
597 1167 658 1223 in
690 1174 985 1242 posterum
1021 1176 1279 1226 extracta
1324 1166 1636 1237 confectos,
1666 1175 1723 1224 et
1756 1164 1928 1224 aliam
1963 1162 2383 1241 quadringent-

295 1287 354 1325 10
371 1282 540 1323 orum
595 1281 837 1321 manum
902 1275 1191 1342 occupata
1245 1264 1604 1341 Cruptorigis
1662 1263 1959 1340 quondam
2023 1259 2380 1338 stipendiarii

367 1361 516 1433 villa,
558 1368 868 1439 postquam
922 1363 1173 1440 proditio
1227 1365 1606 1435 metuebatur,
1647 1361 1860 1421 mutuis
1908 1360 2113 1434 ictibus
2162 1376 2377 1436 procu·

368 1460 578 1519 buisse.
1289 1443 1300 1455 ’

452 1564 556 1619 74.
598 1556 832 1617 Clarum
879 1558 1014 1619 inde
1062 1560 1207 1619 inter
1256 1559 1582 1621 Germanos
1631 1558 1876 1619 Frisium
1924 1573 2161 1627 nomen,
2205 1553 2374 1615 dissi·

370 1655 621 1714 mulante
659 1656 893 1716 Tiberio
936 1657 1169 1732 damna,
1211 1679 1286 1718 ne
1328 1661 1420 1719 cui
1468 1659 1680 1719 bellum
1734 1656 2098 1734 permitteret.
2181 1673 2370 1731 neque
2400 1660 2435 1707 2

297 1779 352 1827 15
373 1764 603 1813 senatus
656 1755 718 1813 in
771 1774 844 1816 eo
899 1774 1051 1830 cura,
1101 1776 1178 1815 an
1232 1758 1456 1836 imperii
1509 1767 1763 1817 extrema
1818 1755 2372 1815 dehonestarentur:

369 1871 549 1930 pavor
575 1854 829 1912 internus
855 1865 1237 1932 occupaverat
1278 1857 1521 1928 animos,
1551 1855 1644 1915 cui
1676 1854 1997 1914 remedium
2039 1852 2373 1912 adulatione

372 1954 762 2031 quaerebatur.
844 1954 930 2013 ita
969 1973 1324 2032 quamquam
1365 1954 1598 2015 diversis
1655 1973 1825 2032 super
1879 1953 2049 2013 rebus
2105 1952 2372 2013 consule·
2396 1971 2432 2018 3

371 2062 581 2125 rentur,
623 2071 783 2111 aram
824 2053 1178 2125 clementiae,
1221 2073 1380 2114 aram
1422 2055 1706 2114 amicitiae
1763 2054 2097 2131 effigiesque
2154 2052 2372 2111 circum

372 2150 633 2210 Caesaris
662 2170 731 2211 ac
762 2151 956 2211 Seiani
984 2170 1269 2225 censuere,
1303 2154 1629 2230 crebrisque
1669 2154 1938 2231 precibus
1980 2151 2373 2227 efflagitabant

295 2272 356 2308 20
372 2249 590 2308 visendi
631 2251 716 2308 sui
756 2251 988 2327 copiam
1027 2251 1295 2311 facerent.
1381 2270 1503 2311 non
1544 2252 1625 2310 illi
1665 2262 1861 2311 tamen
1909 2252 1971 2309 in
2017 2251 2217 2309 urbem
2271 2258 2374 2307 aut
2394 2262 2433 2307 4

372 2348 696 2424 propinqua
733 2350 859 2407 urbi
901 2349 1153 2425 degressi
1196 2360 1366 2409 sunt:
1412 2350 1548 2410 satis
1589 2350 1774 2410 visum
1814 2351 2077 2409 omittere
2119 2348 2372 2407 insulam

374 2455 431 2504 et
476 2445 537 2503 in
577 2447 844 2522 proximo
888 2446 1245 2525 Campaniae
1287 2449 1485 2526 aspici.
1570 2467 1643 2508 eo
1686 2449 1876 2508 venire
1917 2458 2127 2525 patreS,
2173 2464 2370 2524 equeS,
2395 2458 2431 2506 ὅ

371 2562 588 2620 magna
655 2561 790 2620 pars
863 2546 1061 2623 plebiS,
1139 2548 1293 2606 anxii
1374 2566 1513 2623 erga
1583 2546 1872 2618 Seianum,
1945 2548 2105 2606 cuius
2175 2545 2369 2604 durior

373 2659 732 2719 congressuS,
774 2654 947 2721 atque
992 2663 1065 2704 eo
1113 2665 1218 2723 per
1258 2645 1539 2704 ambitum
1582 2656 1640 2704 et
1680 2646 1953 2704 societate
1997 2643 2371 2703 consiliorum

298 2763 355 2813 25
375 2743 696 2817 parabatur.
779 2743 915 2800 satis
956 2745 1261 2803 constabat
1316 2754 1546 2802 auctam
1575 2745 1640 2808 vei
1690 2744 2088 2819 adrogantiam
2130 2740 2369 2801 foedum
2395 2754 2432 2800 6

374 2838 512 2897 illud
553 2839 614 2896 in
653 2841 958 2916 propatulo
1002 2842 1291 2900 servitium
1335 2840 1653 2916 spectanti3
1696 2841 1913 2917 quippe
1956 2840 2183 2899 Romae
2226 2839 2370 2897 sueti

377 2937 680 3009 discursuS,
725 2947 783 2995 et
830 2940 1223 3015 magnitudine
1270 2940 1428 2998 urbis
1476 2940 1758 2998 incertum
1807 2939 1966 3015 quod
2010 2938 2250 3014 quisque
2296 2935 2370 2994 ad

373 3037 672 3112 negotium
712 3046 947 3112 pergat:
992 3038 1072 3096 ibi
1113 3056 1325 3115 campo
1353 3048 1450 3096 aut
1488 3037 1647 3097 litore
1683 3038 1937 3095 iacentes
1979 3036 2134 3094 nullo
2170 3034 2368 3093 discri-

375 3134 529 3193 mine
584 3144 817 3194 noctem
873 3153 940 3193 ac
998 3134 1151 3194 diem
1199 3137 1356 3195 iuxta
1401 3137 1644 3213 gratiam
1692 3145 1788 3194 aut
1836 3135 2014 3193 fastus
2062 3134 2368 3192 ianitorum

297 3255 360 3304 30
377 3234 855 3310 perpetiebantur,
905 3234 1093 3293 donec
1148 3235 1208 3293 id
1263 3254 1496 3313 quoque
1551 3238 1817 3294 vetitum:
1886 3245 1942 3292 et
1989 3251 2259 3291 revenere
2309 3232 2368 3289 in
2393 3242 2425 3291 ’1

374 3333 577 3390 urbem
625 3332 846 3408 trepidi,
889 3351 1035 3408 quos
1092 3350 1214 3391 non
1262 3352 1548 3406 sermone,
1591 3351 1712 3391 non
1753 3333 1875 3390 visu
1915 3332 2181 3407 dignatus
2229 3338 2367 3399 erat,

376 3430 611 3505 quidam
652 3430 800 3489 male
843 3431 1076 3503 alacreS‚
1105 3432 1310 3510 quibus
1339 3432 1618 3491 infaustae
1648 3432 1928 3491 amicitiae
1965 3430 2154 3506 gravis
2182 3429 2368 3487 exitus

376 3527 704 3586 inminebat.
