2594 3925
389 219 465 275 68
815 223 1176 275 CORNELII
1217 226 1308 274 TA
1320 225 1479 274 ειη
1512 225 1932 275 ANNALJUM
2047 212 2252 295 [A.u.c.
2284 223 2402 286 767.

386 401 688 442 numerum
731 382 1165 460 stipendiorum,
1210 401 1360 458 quae
1405 391 1636 443 strenue
1678 383 1738 440 in
1781 381 2005 457 praeliis
2047 378 2292 448 fecisset,
2339 385 2401 434 et

386 481 479 538 cui
526 491 687 540 erant
730 482 886 540 dona
933 482 1215 551 militaria,
1259 483 1485 540 edebat.
1569 482 1616 540 si
1660 481 1888 550 tribuni,
1934 480 1980 537 si
2030 477 2179 554 legio
2227 475 2395 533 indu·
2427 485 2466 528 8
2547 454 2548 465 ἵ

387 580 582 637 striam
641 576 1147 657 innocentiamque
1211 580 1691 656 adprobaverant,
1748 578 2029 636 retinebat
2089 574 2394 633 ordinem:

384 678 482 747 ubi
527 678 818 737 avaritiam
862 688 961 737 aut
1003 679 1400 738 crudelitatem
1443 695 1735 737 consensu
1777 674 2230 743 obiectavissent,
2276 671 2397 730 sol-

330 798 359 847 5
383 777 617 835 vebatur
644 777 861 836 militia.
1064 854 1077 863 ο

463 883 569 935 45.
614 876 708 934 Sic
744 877 1082 953 compositis
1117 877 1516 954 praesentibus
1561 876 1716 934 haud
1748 875 1933 964 mingr
1974 872 2157 931 moles
2197 888 2394 959 super-

383 983 502 1033 erat
543 975 621 1032 ob
664 974 937 1032 ferociam
979 977 1212 1050 quintae
1257 985 1313 1034 et
1354 975 1843 1034 unetvicensimae
1884 973 2198 1050 legionum,
2227 987 2392 1028 sexa-

381 1073 708 1149 gensimum
750 1072 906 1149 apud
949 1073 1204 1149 lapidem
1245 1071 1408 1151 (loco
1437 1058 1652 1132 Vetera
1695 1090 1910 1132 nomen
1950 1071 2060 1148 est)
2088 1069 2391 1128 hibernan-

381 1171 539 1230 tium.
651 1190 789 1229 nam
837 1171 1007 1245 primi
1062 1172 1404 1231 seditionem
1463 1180 1910 1248 coeptaverant:
1968 1167 2390 1227 atrocissimum
2421 1176 2456 1220 2

306 1293 362 1328 10
383 1268 654 1345 quodque
684 1269 907 1327 facinus
940 1269 1151 1328 horum
1186 1271 1455 1329 manibus
1483 1280 1808 1347 patratum;
1851 1287 1961 1327 nec
2002 1284 2193 1345 poena
2231 1282 2392 1324 com-

381 1368 703 1427 militonum
746 1368 996 1426 exterriti
1037 1387 1148 1428 nec
1189 1370 1546 1447 paenitentia
1588 1349 1861 1429 conversi.
1899 1368 2009 1425 iras
2054 1364 2391 1423 retinebant.

381 1466 549 1541 igitur
594 1465 809 1524 Caesar
853 1485 1013 1524 arma
1063 1467 1309 1525 classem
1360 1469 1550 1527 socios
1598 1467 1895 1552 demittere
1944 1463 2157 1522 Rheno
2213 1471 2392 1538 parat,
2418 1470 2453 1514 8

382 1567 429 1623 si
462 1567 766 1642 imperium
797 1566 1158 1637 detrectetur,
1188 1567 1343 1625 bello
1373 1577 1706 1626 certaturus.

461 1671 566 1725 46.
611 1665 690 1722 At
719 1664 947 1723 Romae
976 1665 1240 1723 nondum
1282 1668 1538 1742 cognito,
1569 1667 1666 1742 qui
1705 1666 1906 1726 fuisset
1943 1666 2129 1724 exitus
2166 1664 2228 1721 in
2257 1662 2393 1739 Illy-

305 1786 361 1835 15
383 1763 519 1833 ric0,
551 1773 607 1821 et
640 1762 937 1839 legionum
967 1761 1443 1822 Germanicarum
1486 1774 1650 1823 motu
1693 1765 1909 1837 audit0,
1938 1764 2162 1840 trepida
2197 1763 2396 1820 civitas

381 1863 642 1919 incusare
684 1862 981 1920 Tiberium
1022 1862 1196 1937 quod,
1241 1862 1382 1921 dum
1426 1873 1617 1940 patres
1661 1874 1717 1922 et
1759 1863 2005 1939 plebem,
2047 1861 2295 1919 invalida
2337 1869 2397 1918 et

382 1960 633 2032 inermia,
671 1960 1037 2019 cunctatione
1078 1961 1213 2020 ficta
1254 1961 1595 2034 ludificetur,
1640 1962 1918 2021 dissideat
1959 1960 2187 2020 interim
2230 1957 2396 2017 miles

383 2078 571 2136 neque
600 2060 847 2118 duorum
877 2059 1332 2118 adulescentium
1361 2062 1628 2150 nonjl-um
1657 2043 1853 2120 adulta
1883 2060 2214 2119 auctoritate
2237 2076 2397 2118 com-

383 2159 553 2235 primi
575 2168 762 2234 queat.
846 2158 926 2216 ire
948 2159 1140 2235 ipsum
1169 2170 1226 2219 et
1246 2178 1545 2237 opponere
1576 2162 1941 2219 maiestatem
1969 2157 2397 2235 imperatoriam
2421 2171 2454 2216 2

307 2279 367 2314 20
386 2258 651 2315 debuisse
694 2256 959 2331 cessuri&
1001 2258 1100 2314 ubi
1142 2259 1468 2335 principem
1509 2260 1690 2336 longa
1732 2258 2085 2335 experientia
2119 2255 2396 2315 eundem-

386 2373 498 2431 que
540 2354 852 2413 severitatis
896 2364 952 2412 et
994 2356 1424 2415 munificentiae
1469 2375 1763 2415 summum
1792 2357 2082 2414 vidissent.
2166 2371 2242 2412 an
2276 2353 2396 2410 Au·
2422 2367 2455 2413 8

384 2465 619 2527 gustum
646 2452 794 2510 fessa
823 2462 1008 2510 aetate
1038 2454 1249 2513 totiens
1277 2455 1339 2511 in
1369 2454 1714 2513 Germanias
1744 2471 2073 2513 commeare
2112 2451 2396 2528 potuisse:

386 2551 686 2610 Tiberium
713 2551 1002 2626 vigentem
1041 2552 1209 2611 annis
1249 2552 1448 2611 sedere
1478 2554 1539 2610 in
1569 2562 1788 2623 senatu,
1819 2555 1994 2611 verba
2031 2561 2261 2628 patrum
2302 2567 2396 2608 ca-

386 2650 717 2708 villantem?
801 2649 935 2708 satis
991 2660 1364 2726 prospectum
1419 2652 1673 2710 urbanae
1729 2652 2010 2728 sery-ituti:
2067 2648 2399 2707 militaribus
2420 2661 2457 2706 4

313 2770 370 2821 25
392 2748 595 2806 animis
624 2747 949 2806 adhibenda
977 2748 1249 2821 fomenta,
1279 2760 1344 2807 ut
1372 2749 1515 2809 ferre
1543 2769 1751 2827 pacem
1778 2750 1968 2809 velint.
2070 2729 2076 2746 ²

469 2853 573 2907 47.
616 2845 914 2903 Inmotum
968 2846 1241 2906 adversus
1297 2866 1401 2906 eos
1457 2866 1759 2907 sermones
1815 2848 2110 2924 fixumque
2157 2845 2399 2905 Tiberio

390 2944 493 3002 fuit
521 2962 642 3002 non
671 2944 931 3002 omittere
974 2955 1149 3022 caput
1189 2964 1381 3005 rerum
1416 2965 1605 3024 neque
1640 2964 1702 3005 se
1738 2964 1978 3022 remque
2017 2945 2312 3021 publicam
2341 2945 2399 3001 in

392 3061 591 3102 casum
619 3042 773 3103 dare.
856 3042 1035 3100 multa
1064 3044 1278 3121 quippe
1320 3053 1375 3103 et
1405 3044 1626 3103 diversa
1660 3046 1988 3121 angebant:
2030 3042 2267 3101 validior
2284 3056 2457 3131 ¹pgr-2

392 3142 766 3201 Germaniam
809 3142 1108 3213 exercituS‚
1137 3144 1374 3218 propior
1415 3143 1569 3219 apud
1612 3134 2017 3214 Pannoniam3
2063 3140 2155 3198 ilie
2185 3139 2401 3198 Gallia-

316 3265 376 3314 30
394 3259 521 3298 rum
549 3240 757 3315 opibus
797 3239 1091 3310 subnixus,
1120 3239 1214 3299 hic
1249 3241 1445 3300 Italiae
1481 3242 1802 3300 inminens:
1846 3241 1994 3330 quos
2028 3236 2196 3315 igitur
2239 3249 2404 3298 ante-

394 3339 605 3397 ferret?
690 3355 759 3396 ac
808 3356 882 3396 ne
926 3340 1229 3422 postpositi
1285 3341 1635 3398 contumelia
1680 3325 2137 3399 incendere‘htur.
2186 3346 2244 3395 at
2301 3356 2403 3413 per
2428 3351 2461 3395 3

395 3436 542 3494 filios
575 3437 784 3516 pariter
825 3436 967 3495 adiri
1000 3439 1299 3498 maiestate
1338 3439 1507 3509 salva,
1538 3438 1631 3496 cui
1660 3438 1845 3497 maior
1879 3455 1911 3494 e
1948 3437 2272 3512 longinquo
2315 3453 2401 3493 re·

397 3536 664 3594 verentia.
751 3537 919 3594 simul
962 3537 1428 3596 adulescentibus
1474 3546 1813 3595 excusatum
1857 3535 2145 3610 quaedam
2187 3533 2261 3590 ad
2301 3551 2403 3608 pa-
2425 3542 2461 3589 4

2544 216 2546 279 l
