2594 3925
401 241 505 308 178
839 244 1198 293 CORNELII
1237 244 1328 293 TA
1341 246 1500 294 CJTJ
1532 246 1950 295 ANNALIUM
2044 235 2249 317 [A.u.c.
2277 261 2386 312 777.

391 401 608 458 alienae
639 402 813 460 nescii
840 401 1286 477 provincialibus
1316 420 1561 460 uxorum
1585 402 1916 462 criminibus
1946 404 2190 480 proinde
2214 423 2385 482 quam

391 499 505 556 suis
533 498 931 575 plecterentur.

471 602 561 654 21.
609 597 823 670 Actum
871 596 1083 655 dehinc
1131 597 1205 655 de
1248 597 1563 674 Calpurnio
1613 600 1840 669 Pisone,
1885 601 2063 660 nobili
2105 620 2175 661 ac
2218 601 2390 661 feroci

391 695 528 753 viro.
599 696 646 753 is
692 713 959 771 namque,
1002 705 1065 753 ut
1110 697 1318 767 rettuli,
1362 715 1657 756 cessurum
1708 716 1770 757 se
1810 700 1953 757 urbe
1993 701 2071 758 ob
2112 699 2392 759 factiones

338 817 365 866 5
389 803 792 852 accusatorum
841 794 902 850 in
953 802 1155 851 senatu
1204 793 1593 853 clamitaverat
1634 806 1691 853 et
1734 805 1927 871 spreta
1973 798 2233 872 potentia
2274 797 2393 854 Au-

390 903 587 967 gustae
618 892 852 950 -trahere
895 891 957 947 in
998 891 1085 948 ius
1124 889 1505 967 Urgulaniam
1548 893 1842 970 domoque
1885 894 2160 969 principis
2203 895 2395 954 excire

391 1008 560 1049 ausus
600 999 737 1048 erat.
819 1006 967 1064 quae
1008 989 1069 1045 in
1110 1006 1386 1063 praesens
1424 988 1694 1048 Tiberius
1737 990 1970 1050 civiliter
2011 989 2249 1050 habuit:
2293 991 2396 1049 sed
2427 1004 2469 1048 2

391 1088 451 1145 in
479 1087 677 1146 animo
706 1087 1030 1145 revolvente
1057 1086 1188 1156 iras,
1218 1087 1394 1145 etiam
1422 1087 1471 1145 si
1497 1088 1747 1163 impetus
1777 1088 2117 1147 offensionis
2157 1089 2418 1165 langue-,

389 1195 493 1257 rat,
522 1185 807 1244 memoria
837 1184 1077 1243 valebat.
1163 1183 1440 1244 Pisonem
1474 1185 1550 1257 Q.
1580 1184 1836 1245 Granius
1874 1188 2075 1246 secreti
2109 1188 2399 1246 sermonis
2424 1206 2464 1249 3

318 1307 374 1342 10
391 1283 667 1342 incusavit
716 1283 1016 1341 adversum
1072 1282 1430 1342 maiestatem
1479 1283 1676 1354 habiti,
1726 1284 2048 1361 adiecitque
2103 1287 2165 1343 in
2216 1285 2400 1345 domo

390 1382 513 1439 eius
539 1399 828 1439 venenum
858 1398 984 1439 esse
1016 1396 1265 1458 eumque
1301 1381 1493 1458 gladio
1526 1382 1855 1441 accinctum
1891 1383 2123 1442 introire
2160 1384 2397 1441 curiam.

393 1478 548 1554 quod
596 1489 660 1536 ut
705 1479 948 1537 atrocius
997 1498 1133 1537 vero
1183 1481 1555 1538 tramissum:
1620 1488 1961 1553 ceterorum,
2010 1499 2161 1557 quae
2216 1481 2400 1539 multa
2421 1496 2463 1539 4

394 1574 839 1648 cumulabantur,
878 1587 1142 1652 receptus
1184 1588 1272 1635 est
1312 1595 1459 1648 reus,
1493 1596 1684 1654 neque
1725 1588 1994 1655 peractus
2030 1581 2110 1638 ob
2152 1589 2401 1639 mortem

393 1684 796 1751 opportunam.
852 1676 1094 1733 relatum
1122 1684 1180 1733 et
1207 1675 1281 1733 de
1310 1675 1516 1735 Cassio
1547 1675 1758 1735 Severo
1786 1676 1972 1747 exule,
1995 1678 2097 1753 qui
2125 1678 2400 1736 sordidae
2425 1693 2461 1739 5

318 1796 373 1844 15
393 1774 645 1848 originis,
688 1774 983 1832 maleficae
1023 1774 1186 1844 vitae,
1229 1774 1334 1832 sed
1374 1771 1577 1833 orandi
1617 1773 1855 1847 validuS‚
1899 1792 2003 1850 per
2051 1774 2399 1833 immodicas

393 1872 714 1932 inimicitias
754 1882 817 1931 ut
858 1871 1069 1931 iudicio
1109 1872 1273 1929 iurati
1315 1880 1548 1930 senatus
1582 1871 1818 1931 Cretam
1858 1881 2217 1930 amoveretur
2258 1873 2401 1931 effe-

396 1981 583 2045 cerat;
634 1968 807 2049 atqu‘e
856 1971 970 2030 illic
1019 1970 1225 2029 eadem
1273 1969 1570 2029 actitando
1618 1971 1872 2030 recentia
1911 1980 2221 2047 veteraque
2265 1972 2402 2030 odia

397 2071 654 2142 advertit,
695 2071 977 2147 bonisque
1025 2079 1246 2140 exutuS,
1289 2069 1593 2130 interdicto
1642 2070 1766 2144 igni
1814 2078 1986 2146 atque
2035 2087 2209 2145 aqua,
2255 2087 2401 2129 saxo

397 2168 640 2245 Seripho
670 2170 990 2229 consenuit.
1524 2165 1530 2172 ’

319 2291 379 2324 20
479 2274 580 2326 22.
630 2269 739 2327 Per
786 2268 942 2326 idem
989 2277 1218 2344 tempus
1269 2266 1525 2325 Plautius
1575 2265 1840 2324 Silvanus
1887 2275 2120 2342 praetor
2166 2265 2401 2324 incertis

396 2368 581 2425 causis
622 2367 943 2443 Aproniam
985 2367 1296 2442 coniugem
1343 2366 1404 2422 in
1444 2382 1723 2440 praeceps
1764 2364 1912 2437 iecit,
1952 2373 2283 2440 tractusque
2325 2363 2403 2421 ad

398 2464 705 2524 Caesarem
755 2467 829 2523 ab
875 2464 944 2523 L.
981 2464 1247 2540 Apronio
1299 2480 1500 2522 socero
1558 2463 1783 2546 turbata
1830 2472 2025 2521 mente
2079 2461 2401 2537 respondit,

397 2573 693 2639 tamquam
727 2563 850 2638 ipse
881 2580 1093 2621 somno
1128 2562 1315 2638 gravis
1343 2570 1514 2637 atque
1543 2578 1616 2618 eo
1645 2560 1894 2635 ignarus,
1925 2570 1983 2617 et
2007 2576 2156 2617 uxor
2189 2568 2403 2635 sponte

398 2670 643 2720 mortem
685 2663 1038 2737 sumpsisset.
1108 2678 1229 2719 non
1270 2667 1609 2718 cunctanter
1645 2659 1917 2717 Tiberius
1958 2658 2148 2733 pergit
2187 2658 2249 2714 in
2292 2656 2403 2715 do·
2427 2673 2460 2718 2

322 2785 346 2818 2
352 2786 376 2831 5
398 2777 576 2831 mum,
606 2758 735 2817 visit
767 2758 1110 2828 cubiculum,
1146 2759 1207 2817 in
1236 2775 1354 2834 quo
1391 2756 1717 2816 reluctantis
1754 2765 1812 2814 et
1845 2755 2123 2832 impulsae
2159 2756 2403 2831 vestigia

402 2859 796 2916 cernebantur.
865 2856 1031 2916 refert
1058 2856 1134 2915 ad
1161 2849 1443 2927 senatum,
1475 2854 1740 2931 datisque
1772 2854 2052 2912 iudicibus
2079 2852 2402 2929 Urgulania

405 2955 616 3014 Silvani
642 2956 767 3014 avia
794 2956 1111 3031 pugionem
1152 2955 1351 3031 nepoti
1388 2954 1559 3012 misit.
1619 2953 1777 3031 quod
1818 2951 2058 3028 perinde
2100 2951 2398 3022 creditum,

403 3055 562 3131 quasi
586 3054 859 3130 principis
886 3055 1128 3124 monitu,
1153 3055 1233 3111 ob
1253 3053 1567 3111 amicitiam
1589 3051 1883 3127 Augustae
1904 3068 2041 3108 cum
2062 3048 2398 3125 Urgulania.

403 3171 533 3211 reus
566 3151 768 3211 frustra
800 3161 1075 3228 temptato
1108 3151 1256 3211 ferro
1288 3169 1465 3210 venas
1497 3150 1761 3226 praebuit
1795 3147 2188 3207 exsolvendas
2259 3165 2397 3206 mox
2421 3166 2458 3212 4

328 3274 390 3321 30
407 3250 780 3321 Numantina,
809 3250 967 3326 prior
1002 3267 1148 3306 uxor
1185 3250 1323 3321 eiuS‚
1352 3257 1619 3308 accusata
1656 3248 1918 3307 iniecisse
1955 3244 2304 3304 carminibus
2344 3253 2401 3303 et

405 3350 692 3409 veneficiis
721 3348 1083 3408 vaecordiam
1112 3348 1334 3418 marit0,
1363 3349 1562 3405 insons
1592 3346 1883 3405 iudicatur.

394 3493 405 3504 .
488 3454 587 3505 23.
631 3446 691 3505 Is
721 3449 954 3506 demum
985 3462 1169 3504 annus
1202 3445 1486 3521 populum
1522 3444 1856 3502 Romanum
1886 3442 2064 3518 longo
2094 3441 2398 3500 adversum

409 3543 725 3602 Numidam
766 3544 1195 3603 Tacfarinatem
1242 3543 1393 3602 bello
1434 3542 1689 3602 absolvit.
1773 3559 1911 3599 nam
1958 3540 2173 3616 priores
2221 3540 2400 3599 duces
