2594 3925
202 227 462 313 A.n.19.]
789 242 1022 291 LIBER
1065 243 1145 292 π.
1217 244 1370 292 CAP.
1408 237 1482 308 63
1519 237 1623 318 ,68.
2092 213 2201 307 1‘19

201 406 581 475 praeventum
622 397 1047 472 insidiatorem3
1095 400 1261 458 simul
1317 399 1529 460 bellum
1581 400 1851 461 adversus
1895 400 2205 460 Bastarnas

204 496 566 572 Scythasque
620 496 1003 573 praetendens
1058 499 1221 556 novis
1276 498 1533 574 peditum
1591 509 1648 558 et
1704 502 1961 575 equitum
2023 498 2205 574 copiis

141 601 175 645 6
203 612 337 651 sese
386 593 667 652 firmabat.
751 594 994 652 molliter
1042 596 1394 671 rescriptum,
1446 598 1494 654 si
1541 597 1696 656 fraus
1743 599 1985 668 abesset,
2034 613 2206 674 posse

203 708 341 748 eum
386 691 749 750 innocentiae
796 691 1010 764 fidere3
1057 701 1314 751 ceterum
1361 712 1549 770 neque
1595 712 1658 752 se
1706 713 1895 771 neque
1943 702 2206 753 senatum

205 789 321 846 nisi
363 789 597 865 cognita
637 807 811 848 causa
853 790 941 848 ius
986 799 1042 849 et
1079 791 1343 849 iniuriam
1383 792 1763 851 discreturos:
1806 792 2048 866 proinde
2094 802 2205 849 tra-
2229 813 2256 862 5

205 887 332 945 dito
369 886 553 965 Cotye
587 888 804 946 veniret
842 888 1283 965 transferretque
1318 889 1588 947 invidiam
1626 890 1891 948 criminis

291 992 399 1044 66.
441 986 561 1044 Eas
606 986 795 1044 literas
842 985 1102 1044 Latinius
1151 986 1423 1045 Pandusa
1470 1005 1577 1063 pro
1632 995 1895 1063 praetore
1945 985 2205 1045 Moesiae

207 1101 343 1143 cum
399 1084 683 1153 militibus,
732 1084 861 1160 quis
918 1084 1099 1159 Cotys
1148 1084 1479 1156 traderetur,
1525 1085 1586 1143 in
1637 1085 1983 1144 Thraeciam
2038 1085 2206 1142 misit.

144 1188 177 1232 2
208 1182 606 1259 Rhescuporis
650 1182 797 1240 inter
843 1191 1062 1240 metum
1109 1192 1165 1240 et
1213 1182 1357 1240 iram
1408 1193 1710 1242 cunctatus
1753 1183 1951 1241 maluit
2004 1182 2209 1258 patrati

208 1298 388 1355 quarn
420 1280 635 1356 incepti
663 1279 930 1338 facinoris
957 1298 1088 1338 reus
1118 1298 1278 1338 esse:
1321 1281 1506 1339 occidi
1536 1281 1728 1357 Cotyn
1755 1282 1911 1339 iubet
1937 1290 2208 1339 mortem·
2233 1304 2291 1337 ιο

147 1387 179 1432 3
209 1396 322 1454 que
366 1389 575 1455 sponte
614 1387 904 1453 sumptam
947 1378 1265 1436 ementitur.
1351 1397 1460 1436 nec
1494 1389 1690 1437 tamen
1725 1378 1942 1438 Caesar
1977 1378 2212 1455 placitas

210 1476 389 1533 semel
428 1486 577 1534 artes
611 1475 864 1544 mutavit,
900 1476 1005 1534 sed
1039 1475 1313 1535 defuncto
1353 1476 1639 1548 Pandusa,
1670 1494 1845 1553 quem
1883 1477 1989 1536 sibi
2030 1475 2212 1534 infen-

209 1591 337 1633 sum
389 1573 783 1650 Rhescuporis
831 1574 1123 1649 arguebat,
1174 1574 1566 1649 Pomponium
1620 1575 1909 1645 Flaccum,
1964 1585 2214 1634 veterem

209 1672 506 1749 stipendiis
539 1682 596 1730 et
630 1681 752 1730 arta
788 1690 921 1731 cum
952 1691 1088 1748 rege
1123 1673 1376 1730 amicitia
1413 1691 1598 1748 eoque
1626 1674 2208 1732 accommodatiorem

206 1771 281 1829 ad
308 1770 641 1842 fallendum,
671 1772 751 1828 ob
779 1770 837 1828 id
864 1771 1114 1828 maxime
1145 1769 1410 1829 Moesiae
1439 1770 1727 1847 praefecit.
2233 1796 2289 1843 15

285 1874 387 1929 67.
435 1867 679 1926 Flaccus
720 1868 783 1925 in
821 1867 1170 1926 Thraeciam
1212 1877 1599 1943 transgressus
1641 1888 1743 1944 per
1780 1867 2037 1945 ingentia
2078 1887 2212 1946 pro-

203 1969 385 2025 missa
427 1967 687 2044 quamvis
729 1967 1064 2043 ambiguum
1106 1976 1164 2025 et
1206 1967 1424 2025 scelera
1463 1985 1566 2025 sua
1602 1976 1963 2044 reputantem
2004 1984 2211 2044 perpu-

148 2077 179 2120 2
203 2069 266 2125 lit
292 2076 358 2124 ut
386 2065 675 2141 praesidia
697 2064 966 2123 Romana
994 2065 1243 2123 intraret.
1325 2065 1679 2124 circumdata
1708 2065 1844 2123 hinc
1872 2065 1994 2140 regi
2023 2065 2212 2141 specie

203 2164 447 2224 honoris
494 2163 680 2221 valida
727 2182 950 2235 manus,
996 2163 1322 2238 tribunique
1373 2174 1428 2221 et
1478 2163 1841 2221 centuriones
1899 2162 2211 2235 monend0‚

203 2262 527 2332 suadend0,
556 2270 613 2320 et
646 2272 861 2337 quanto
891 2261 1120 2336 longius
1149 2260 1583 2331 abscedebatur,
1613 2260 1896 2336 apertiore
1933 2260 2212 2331 custodia,
2233 2284 2294 2318 20

147 2373 176 2416 3
204 2371 512 2437 postremo
548 2378 793 2435 gnarum
837 2359 1193 2417 necessitatis
1237 2359 1299 2416 in
1341 2360 1546 2417 urbem
1587 2368 1825 2416 traxere.
1909 2367 2210 2416 accusatus

204 2461 265 2517 in
309 2468 520 2517 senatu
557 2459 632 2516 ab
672 2475 852 2515 uxore
895 2456 1093 2532 Cotyis
1136 2456 1457 2526 damnatur,
1487 2467 1551 2513 ut
1586 2456 1788 2531 procul
1828 2474 2011 2531 regno
2055 2464 2212 2514 tene-

146 2573 182 2617 4
205 2569 373 2616 retur.
476 2555 766 2614 Thraecia
826 2556 886 2613 in
945 2555 1404 2613 Rhoemetalcen
1465 2554 1663 2625 filium,
1726 2572 1899 2630 quem
1961 2555 2213 2630 paternis

207 2655 466 2714 consiliis
499 2654 860 2712 adversatum
894 2655 1212 2722 constabat,
1242 2653 1417 2728 inque
1447 2653 1655 2710 liberos
1686 2650 1885 2728 Cotyis
1916 2652 2179 2710 dividitur
2195 2671 2211 2724 3

207 2755 394 2829 iisque
444 2751 709 2810 nondum
756 2750 963 2808 adultis
1013 2750 1390 2808 Trebellenus
1441 2748 1626 2807 Rufus
1674 2761 1937 2826 praetura
1986 2750 2213 2807 functus
2235 2774 2258 2807 2
2265 2775 2291 2821 5

211 2852 393 2920 datur,
424 2849 523 2925 qui
556 2866 800 2923 regnum
830 2848 1056 2906 interim
1083 2857 1364 2919 tractaret,
1395 2849 1665 2924 exemplo
1700 2867 1818 2925 quo
1847 2848 2094 2906 maiores
2127 2846 2212 2905 M.

211 2949 502 3024 Lepidum
544 2946 857 3005 Ptolemaei
903 2945 1095 3005 liberis
1142 2956 1387 3005 tutorem
1436 2947 1496 3003 in
1540 2947 1872 3022 Aegyptum
1920 2945 2208 3002 miserant.

155 3060 186 3106 5
214 3046 606 3122 Rhescuporis
649 3044 1061 3103 Alexandriam
1103 3044 1372 3103 devectus
1415 3053 1586 3121 atque
1629 3044 1740 3102 illic
1783 3044 1980 3118 fugam
2028 3053 2210 3118 temp-

214 3155 341 3204 tans
368 3163 444 3204 an
475 3145 611 3202 ficto
640 3144 879 3202 crimine
908 3142 1258 3202 interficitur.

295 3251 401 3303 68.
447 3242 557 3300 Per
584 3242 740 3301 idem
769 3252 993 3317 tempus
1022 3240 1320 3311 VononeS,
1352 3258 1528 3317 quem
1566 3249 1828 3300 amotum
1860 3238 1921 3295 in
1952 3238 2213 3297 Ciliciam
2230 3264 2294 3309 30

216 3341 544 3411 memoravi,
588 3340 866 3417 corruptis
909 3339 1240 3398 custodibus
1291 3340 1546 3414 effugere
1591 3339 1666 3396 ad
1707 3337 2034 3407 ArmeniOS,
2080 3336 2213 3395 inde

217 3440 478 3498 Albanos
521 3437 972 3513 Heniochosque
1016 3448 1072 3494 et
1123 3437 1621 3513 consanguineum
1670 3435 1778 3493 sibi
1820 3452 2019 3510 regem
2070 3433 2210 3510 Scy-

161 3547 192 3592 2
217 3538 441 3596 tharum
483 3546 720 3595 conatus
759 3545 864 3595 est.
948 3535 1139 3611 specie
1182 3535 1432 3593 venandi
1473 3534 1702 3593 omissis
1736 3532 2034 3590 maritimis
2071 3532 2211 3590 locis
