2594 3925
381 233 456 294 ⁷0
787 228 1151 280 CORNELII
1191 230 1283 279 TA
1293 229 1457 279 CJTJ
1488 228 1908 278 ANNALJUM
2025 216 2234 301 [nuc.
2268 227 2382 291 76⁷·

374 385 668 465 piaculum
694 387 934 465 fi1r9ris3
977 406 1086 447 nec
1124 388 1284 446 aliter
1315 405 1488 464 posse
1518 386 1734 462 placari
1763 385 2221 444 commilitonum
2257 404 2383 445 ma-

373 502 494 556 neS,
538 502 714 560 quam
756 486 804 544 si
844 487 1170 562 pectoribus
1211 486 1402 561 impiis
1444 484 1687 561 honesta
1726 484 1961 542 vulnera
2003 484 2382 559 accepissent.

373 583 625 658 sequitur
666 584 939 662 ardorem,
977 585 1222 643 militum
1271 584 1487 643 Caesar
1534 584 1848 659 iunctoque
1896 592 2075 658 ponte
2125 583 2385 641 tramittit
2410 596 2457 642 6

373 680 680 739 duodecim
725 682 881 740 milia
928 701 961 740 e
1016 668 1356 758 legionibus,
1416 699 1517 739 sex
1566 689 1623 738 et
1669 680 1869 756 viginti
1926 680 2115 763 socias
2169 679 2384 739 cohor-

318 802 344 849 5
370 778 458 863 ‘232
498 788 632 838 octo
672 780 930 856 equitum
972 780 1109 851 alas,
1152 796 1397 856 quarum
1440 795 1510 836 ea
1552 777 1832 837 seditione
1875 777 2212 837 intemerata
2253 796 2385 837 mo-

369 874 551 935 destia
574 876 694 936 fuit.

450 981 558 1034 50.
601 974 766 1034 Laeti
807 992 995 1051 neque
1045 976 1246 1051 procul
1290 974 1574 1034 Germani
1614 975 1925 1050 agitabant,
1968 974 2109 1034 dum
2165 974 2388 1059 iustitio

367 1073 446 1130 ob
474 1073 752 1131 amissum
779 1074 1125 1149 Augustum,
1156 1083 1292 1150 post
1321 1072 1624 1132 discordiis
1662 1073 1985 1132 attinemur.
2067 1083 2127 1131 at
2156 1071 2386 1132 Roma·
2415 1088 2450 1132 2

366 1189 475 1229 nus
519 1173 752 1247 agmine
799 1190 1049 1249 propero
1094 1172 1295 1231 silvam
1345 1172 1618 1232 Caesiam
1660 1172 2019 1248 limitemque
2061 1190 2098 1230 a
2140 1172 2386 1230 Tiberio

293 1292 349 1327 10
369 1279 645 1346 coeptum
696 1270 918 1340 scindit,
961 1280 1147 1330 castra
1194 1272 1255 1329 in
1303 1272 1482 1331 limite
1522 1271 1690 1340 locat,
1736 1270 1989 1329 frontem
2029 1288 2100 1328 ac
2152 1279 2387 1345 tergum

366 1367 532 1438 vallo,
562 1367 742 1426 latera
769 1368 1155 1427 concaedibus
1183 1371 1456 1428 munitus,
1541 1370 1676 1428 inde
1722 1368 1898 1428 saltus
1932 1370 2213 1427 obscuros
2248 1386 2386 1444 per-
2413 1387 2450 1432 3

366 1476 521 1525 meat
575 1466 974 1543 consultatque
1032 1487 1106 1526 ex
1164 1468 1396 1528 duobus
1452 1469 1746 1527 itineribus
1804 1470 1980 1526 breve
2036 1477 2094 1526 et
2149 1467 2383 1527 solitum

366 1574 634 1642 sequatur
661 1584 736 1623 an
777 1566 1084 1641 inpeditius
1112 1576 1169 1625 et
1209 1567 1616 1644 intemptatum
1644 1585 1831 1643 eoque
1875 1565 2137 1626 hostibus
2178 1566 2382 1645 incau-

366 1673 506 1721 tum.
568 1706 569 1709 η
615 1662 837 1721 delecta
904 1663 1164 1740 longiore
1234 1665 1326 1722 via
1401 1675 1593 1745 cetera
1662 1664 2092 1724 adcelerantur:
2162 1663 2384 1722 etenim
2411 1681 2451 1726 4

291 1785 345 1834 15
366 1760 670 1820 attulerant
707 1761 1097 1837 exploratores
1133 1761 1340 1821 festam
1372 1781 1505 1821 eam
1534 1761 1843 1822 Germanis
1881 1771 2116 1820 noctem
2150 1779 2221 1819 ac
2264 1759 2382 1819 sol-

364 1859 650 1918 lemnibus
677 1860 858 1936 epulis
885 1861 1179 1920 ludicram.
1265 1860 1522 1920 Caecina
1550 1879 1684 1918 cum
1723 1859 2005 1936 expeditis
2042 1859 2381 1919 cohortibus
2409 1882 2448 1928 5

365 1959 582 2036 praeire
624 1970 681 2018 et
721 1960 1010 2020 obstantia
1052 1960 1320 2019 silvarum
1364 1959 1587 2019 amoliri
1629 1959 1888 2018 iubetur:
1948 1958 2206 2035 legiones
2248 1977 2381 2017 mo-

366 2059 497 2117 dico
524 2060 817 2118 intervallo
861 2069 1192 2136 sequuntur.
1276 2060 1416 2117 iuvit
1448 2076 1570 2117 nox
1615 2058 1900 2117 sideribus
1941 2059 2207 2154 inlustris,
2238 2077 2381 2116 ven·
2407 2081 2449 2126 ο

366 2168 601 2234 tumque
645 2158 719 2216 ad
760 2159 918 2218 vicos
963 2156 1295 2217 Marsorum
1338 2167 1395 2215 et
1436 2156 1824 2215 circumdatae
1867 2157 2145 2215 stationes
2188 2157 2382 2214 stratis

287 2278 347 2312 20
364 2256 535 2314 etiam
579 2266 702 2314 tum
751 2275 853 2333 per
895 2257 1102 2316 cubilia
1144 2265 1495 2333 propterque
1536 2272 1786 2325 mensaS,
1830 2255 1991 2313 nullo
2034 2265 2208 2325 metu,
2256 2272 2384 2313 non

365 2355 694 2430 antepositis
735 2354 937 2430 vigiliis
960 2374 993 2424 :x
1015 2355 1164 2413 adeo
1207 2366 1417 2412 cuncta
1457 2353 1678 2412 incuria
1719 2353 1959 2413 disiecta
1993 2364 2156 2412 erant
2184 2372 2381 2430 neque
2403 2377 2441 2425 7

362 2455 495 2514 belli
534 2455 723 2526 timor,
764 2473 833 2513 ac
882 2474 956 2512 ne
998 2474 1114 2531 pax
1162 2454 1404 2531 quidem
1445 2454 1554 2512 nisi
1596 2453 1869 2530 languida
1909 2465 1968 2513 et
2009 2455 2197 2514 soluta
2230 2456 2382 2514 inter

364 2552 724 2612 temulentos,

445 2658 538 2712 51.
581 2650 796 2710 Caesar
856 2651 1051 2710 avidas
1109 2651 1389 2727 legiones,
1452 2668 1570 2726 quo
1628 2650 1798 2710 latior
1852 2651 2155 2727 populatio
2211 2651 2379 2723 foret,

287 2775 310 2809 2
317 2776 342 2823 5
364 2760 630 2828 quattuor
676 2750 736 2807 in
782 2768 997 2809 cuneos
1047 2749 1343 2827 dispertit;
1403 2749 1823 2826 quinquaginta
1862 2750 2080 2807 milium
2128 2751 2380 2827 spatium

364 2849 513 2909 ferro
539 2849 897 2925 flammisque
925 2858 1226 2925 pervastat.
1311 2865 1435 2905 non
1470 2865 1659 2917 sexuS,
1691 2865 1815 2905 non
1858 2857 2015 2905 aetas
2053 2848 2378 2907 miseratio·
2403 2864 2441 2909 2

364 2964 501 3004 nem
530 2946 742 3005 attulit:
786 2945 1029 3022 profana
1071 2946 1240 3005 simul
1268 2954 1326 3003 et
1355 2963 1515 3004 sacra
1544 2953 1601 3003 et
1630 2944 2067 3003 celeberrimum
2096 2946 2203 3005 illis
2229 2966 2377 3023 gen-

363 3046 513 3105 tibus
543 3045 819 3122 templum
848 3045 1009 3119 quod
1042 3044 1368 3102 Tamfanae
1397 3044 1688 3102 vocabant
1718 3043 1844 3103 solo
1872 3055 2206 3119 aequantur.
2249 3047 2376 3105 sine
2401 3063 2434 3107 3

363 3144 591 3202 vulnere
619 3144 840 3214 milites,
868 3143 967 3219 qui
1008 3144 1413 3212 semisomnos,
1442 3142 1695 3199 inermos
1719 3152 1836 3199 -aut
1867 3142 2114 3218 palantis
2153 3145 2376 3203 cecide-

283 3267 347 3313 30
366 3252 508 3301 rant.
589 3243 794 3300 excivit
834 3260 904 3300 ea
946 3241 1153 3300 caedes
1195 3239 1522 3311 Bructeros,
1556 3238 1876 3311 Tubantes,
1916 3239 2186 3318 Usipetes
2204 3260 2220 3313 3
2266 3243 2376 3300 sal·
2399 3258 2436 3303 4

366 3352 569 3416 tusque
602 3359 704 3416 per
742 3358 887 3416 quos
929 3339 1200 3398 exercitui
1241 3356 1536 3413 regressus
1570 3338 1848 3396 insedere.
1933 3340 2090 3414 quod
2127 3358 2375 3416 gnarum

368 3440 515 3510 duci,
546 3439 887 3515 incessitque
916 3438 1099 3496 itineri
1129 3448 1185 3495 et
1210 3436 1450 3512 proeli0.
1515 3454 1649 3511 pars
1678 3436 1934 3512 equitum
1962 3446 2019 3495 et
2047 3438 2373 3497 auxiliariae
2396 3456 2430 3502 5

368 3539 635 3599 cohortes
665 3538 971 3609 ducebant,
1002 3555 1142 3595 mox
1171 3537 1359 3612 prima
1399 3534 1566 3610 legin,
1597 3545 1655 3594 et
1696 3535 1903 3594 mediis
1942 3536 2372 3611 impedimentis
