2594 3925
410 226 520 295 164
854 228 1218 278 CORNELII
1260 228 1353 277 TA
1363 228 1525 278 cm
1558 229 1981 279 ANNALIUM
2065 217 2272 303 [A.u.c.
2306 244 2411 297 775.

401 386 684 459 modicus,
724 385 938 444 avitum
979 384 1155 445 decus
1202 385 1458 445 recoluit.
1542 395 1604 445 at
1649 386 1900 465 Pompei
1947 387 2236 447 theatrum
2280 390 2413 467 igne
2433 406 2469 452 4

399 488 632 548 fortuito
673 485 943 545 haustum
983 483 1202 544 Caesar
1240 495 1637 545 extructurum
1677 486 1964 563 pollicitus
2007 496 2113 559 est,
2156 505 2229 546 eo
2256 490 2415 565 quod

398 605 575 648 nemo
603 605 638 646 e
666 584 879 645 familia
905 583 1281 644 restaurando
1312 584 1612 656 sufficeret,
1642 594 1916 644 manente
1944 595 2144 644 tamen
2172 588 2414 646 nomine

398 685 657 764 Pompei.
739 682 908 744 simul
961 683 1225 742 laudibus
1277 682 1555 742 Seianum
1603 683 1821 755 extulit,
1867 693 2166 760 tamquam
2217 685 2414 745 labore

346 808 373 858 5
396 785 802 861 vigilantiaque
839 783 964 842 eius
1001 791 1161 841 tanta
1187 782 1272 839 vis
1301 799 1484 839 unum
1520 782 1669 840 intra
1697 782 1979 841 damnum
2017 783 2282 843 stetisset.
2360 795 2415 843 et
2439 802 2470 848 5

396 901 668 943 censuere
696 892 891 960 patres
918 881 1171 957 effigiem
1211 879 1446 953 Seiano,
1476 898 1627 956 quae
1654 880 1816 956 apud
1842 881 2136 940 theatrum
2163 882 2414 959 Pompei

395 983 694 1042 locaretur.
778 999 970 1059 neque
1008 980 1193 1039 multo
1236 989 1372 1056 post
1407 977 1641 1050 Caesar,
1674 996 1809 1038 cum
1842 978 2076 1038 Iunium
2118 980 2410 1052 Blaesum,
2436 1000 2471 1046 ο

395 1100 504 1160 pro
532 1080 774 1141 consule
809 1079 1058 1152 Afn‘cae,
1087 1077 1362 1155 triumphi
1395 1077 1720 1153 insignibus
1759 1078 2058 1151 attolleret,
2088 1079 2229 1138 dare
2259 1081 2322 1139 id
2350 1100 2413 1140 se

394 1182 537 1240 dixit
564 1161 785 1240 ⁸honori
828 1178 1038 1250 Seiani,
1069 1178 1231 1236 cuius
1273 1176 1368 1235 ille
1408 1175 1727 1236 avunculus
1769 1186 1910 1237 erat.
1994 1196 2066 1237 ac
2093 1187 2292 1238 tamen
2319 1198 2412 1238 res

324 1304 379 1339 10
396 1280 586 1339 Blaesi
612 1279 824 1362 dignae
851 1278 1060 1338 decore
1088 1276 1187 1336 tali
1214 1276 1394 1336 suere.

390 1369 395 1373 ’
477 1387 575 1441 73.
618 1377 776 1438 Nam
816 1375 1172 1448 TacfarinaS,
1214 1393 1572 1452 quamquam
1621 1374 1851 1451 saepius
1898 1375 2190 1456 depulsuS,
2242 1396 2413 1454 repa-

395 1479 533 1538 ratis
572 1496 679 1555 per
710 1477 916 1536 intima
941 1474 1172 1535 Africae
1213 1474 1439 1535 auxiliis
1481 1473 1598 1533 huc
1639 1474 2021 1551 adrogantiae
2064 1486 2320 1546 venerat,
2350 1488 2413 1535 ut

394 1579 619 1655 legatos
646 1577 722 1636 ad
750 1575 1055 1636 Tiberium
1080 1574 1331 1636 mitteret
1370 1575 1690 1651 sedemque
1719 1574 1869 1634 ultro
1898 1576 2006 1634 sibi
2034 1585 2211 1653 atque
2241 1594 2411 1635 exer-

394 1677 530 1738 citui
585 1694 696 1736 suo
749 1673 1084 1753 postularet,
1141 1681 1240 1731 aut
1293 1671 1512 1731 bellum
1567 1673 1974 1750 inexplicabile
2026 1673 2410 1734 minitaretur.

322 1800 376 1850 15
397 1794 517 1834 non
545 1774 686 1834 alias
710 1773 901 1850 magis
927 1789 1035 1832 sua
1068 1769 1387 1849 populique
1417 1770 1675 1831 Romani
1702 1772 2061 1832 contumelia
2085 1773 2410 1833 indoluisse
2435 1788 2468 1833 a

395 1873 701 1934 Caesarem
730 1872 938 1944 ferunt,
955 1888 1136 1948 quam
1164 1869 1327 1947 quod
1349 1870 1609 1929 desertor
1636 1880 1695 1930 et
1716 1871 1935 1948 praedo
1955 1871 2214 1931 hostium
2236 1890 2406 1931 more

394 1982 605 2049 ageret.
686 1990 764 2031 ne
811 1971 1092 2050 Spartaco
1137 1969 1376 2046 quidem
1427 1980 1563 2047 post
1610 1979 1700 2030 tot
1748 1971 2143 2031 consularium
2188 1973 2408 2032 exerci-
2435 1986 2465 2031 3

395 2082 556 2131 tuum
584 2070 779 2131 clades
806 2069 1047 2129 inultam
1087 2067 1316 2128 Italiam
1343 2069 1548 2141 urenti,
1577 2087 1938 2148 quamquam
1967 2070 2204 2130 Sertorii
2232 2080 2408 2148 atque

395 2169 740 2229 Mithridatis
780 2168 1112 2245 ingentibus
1157 2167 1324 2226 bellis
1368 2167 1587 2227 labaret
1635 2186 1729 2228 res
1783 2168 2036 2246 publica,
2084 2168 2288 2230 datum
2341 2180 2408 2228 ut

320 2293 380 2328 20
394 2278 567 2346 pacto
620 2269 684 2327 in
737 2267 915 2328 fidem
976 2265 1360 2343 acciperetur;
1443 2264 1663 2325 nedum
1732 2266 2126 2344 pulcherrimo
2197 2268 2406 2345 populi

394 2367 648 2429 Romani
688 2365 915 2442 fastigio
955 2363 1101 2424 latro
1142 2362 1488 2424 Tacfarinas
1531 2383 1677 2442 pace
1720 2374 1780 2425 et
1817 2366 2205 2426 concessione
2233 2385 2406 2443 agro-

394 2484 522 2524 rum
548 2465 934 2525 redimeretur.
1020 2462 1120 2521 dat
1160 2462 1463 2539 negotium
1505 2462 1739 2537 Blaeso,
1782 2473 2009 2524 ceteros
2050 2464 2289 2542 quidem
2329 2464 2408 2524 ad
2429 2480 2465 2526 4

394 2582 563 2640 spem
600 2563 905 2641 proliceret
945 2579 1106 2621 arma
1143 2561 1268 2621 sine
1305 2578 1467 2621 noxa
1492 2561 1774 2637 ponendi,
1805 2563 1987 2640 ipsius
2014 2574 2209 2622 autem
2238 2563 2405 2622 ducis

309 2733 319 2744 ·
395 2680 632 2740 quoquo
658 2663 842 2721 modo
869 2669 1177 2738 poteretur.
1260 2668 1320 2718 et
1345 2659 1566 2737 recepti
1595 2678 1665 2718 ea
1692 2660 1863 2719 venia
1895 2660 2172 2738 plerique.
2259 2679 2405 2719 mox
2429 2679 2460 2725 5

320 2783 377 2834 25
396 2760 699 2821 adversum
754 2768 906 2819 artes
959 2756 1346 2819 Tacfarinatis
1398 2757 1556 2817 haud
1612 2758 1874 2818 dissimili
1924 2758 2109 2818 modo
2164 2759 2404 2835 bellige-

394 2869 600 2919 ratum.
678 2890 683 2897 ’

475 2963 579 3021 ¹74.
622 2955 780 3015 Nam
809 2955 946 3033 quia
975 2954 1070 3014 ille
1110 2956 1324 3014 robore
1364 2953 1647 3014 exercitus
1689 2953 1876 3030 inpar,
1909 2953 2138 3014 furandi
2180 2956 2404 3029 melior,

394 3058 571 3136 pluris
613 3073 720 3133 per
765 3053 976 3130 globos
1031 3054 1352 3112 incursaret
1399 3052 1771 3128 eluderetque
1826 3062 1885 3111 et
1938 3053 2177 3113 insidias
2235 3055 2407 3113 simul

394 3162 717 3234 temptaret,
744 3163 860 3212 tres
902 3152 1182 3224 incessus»,
1217 3150 1460 3210 totidem
1503 3150 1743 3226 agmina
1782 3160 2073 3226 parantur.
2156 3169 2233 3210 ex
2274 3154 2406 3230 quis
2429 3165 2461 3210 2

315 3277 381 3328 30
396 3254 702 3314 Cornelius
741 3249 939 3328 Scipio
972 3249 1195 3326 legatus
1227 3248 1472 3326 praefuit
1498 3265 1617 3325 qua
1643 3247 1942 3324 praedatio
1969 3249 2033 3306 in
2061 3247 2406 3326 Leptitanos

396 3362 456 3412 et
503 3351 752 3427 suffugia
798 3347 1253 3419 Garamantum3
1316 3345 1429 3405 alio
1483 3345 1679 3419 latere,
1733 3365 1809 3406 ne
1865 3345 2213 3405 Cirtensium
2269 3350 2409 3425 pagi

399 3451 638 3526 impune
685 3448 1057 3516 traherentur,
1103 3442 1401 3519 propriam
1445 3461 1687 3502 manum
1734 3442 1974 3503 Blaesus
2029 3444 2179 3502 filius
2225 3445 2406 3505 duxit.

399 3545 596 3604 medio
639 3563 774 3604 curn
814 3543 1065 3613 delectiS,
1109 3541 1345 3602 castella
1386 3551 1444 3601 et
1485 3541 1833 3601 munitiones
1875 3539 2099 3599 idoneis
2134 3540 2281 3601 locis
2319 3544 2405 3601 in-
2430 3559 2462 3605 8
