2594 3925
393 229 503 298 148
835 232 1200 282 CORNELII
1240 232 1330 283 TA
1341 233 1504 283 CJTJ
1536 233 1962 284 ANNALJUM
2040 221 2254 306 [A.u.c.
2282 243 2391 297 ⁷74·

366 385 495 463 ‘que
523 397 580 446 et
604 388 719 460 Dii,
752 387 972 447 validae
1007 387 1285 458 nationeS,
1332 406 1491 447 arma
1526 407 1744 465 cepere,
1782 389 2022 448 ducibus
2058 389 2299 448 diversis
2339 396 2395 447 et

385 487 612 563 paribus
667 488 810 545 inter
854 504 915 545 se
963 505 1065 563 per
1117 486 1566 561 ignobilitatem3
1633 506 1779 564 quae
1835 506 2012 546 causa
2055 487 2159 545 fuit
2209 505 2287 545 ne
2336 487 2395 544 in

384 584 597 642 bellum
624 595 786 643 atrox
808 586 1205 644 coalescerent.
1251 603 1385 661 pars
1408 588 1639 643 turbant
1659 588 1996 662 praesentia,
2015 587 2108 644 alii
2130 596 2397 644 montem
2417 599 2449 645 6

385 680 679 740 Haemum
746 684 1248 759 transgrediuntur,
1305 692 1368 740 ut
1429 693 1685 742 remotos
1752 684 2001 761 populos
2056 684 2395 754 concirent;

332 804 359 853 5
382 781 611 858 plurimi
639 800 708 840 ac
737 782 987 840 maxime
1015 780 1326 856 compositi
1354 799 1549 856 regem
1575 783 1893 858 urbemque
1922 780 2393 859 Philippopolim,

384 898 420 938 a
447 878 772 939 Macedone
801 879 1067 956 Philippo
1098 879 1283 949 sitam,
1314 878 1739 938 circumsidunt.

463 984 568 1037 39.
613 978 778 1049 Quae
811 978 910 1035 ubi
944 977 1178 1051 cognita
1214 976 1278 1035 P.
1310 976 1550 1036 Vellaeo
1594 975 1666 1056 (is
1703 978 2034 1054 proximum
2074 979 2396 1038 exercitum

383 1073 782 1154 praesidebat),
812 1076 1019 1134 alarios
1051 1074 1268 1151 equites
1313 1093 1382 1134 ac
1427 1075 1563 1134 levis
1611 1076 1937 1136 cohortium
1972 1078 2144 1136 mittit
2185 1078 2247 1135 in
2291 1096 2396 1137 eos

382 1177 480 1251 qui
533 1174 927 1252 praedabundi
980 1184 1078 1232 aut
1131 1173 1504 1232 adsumendis
1562 1174 1783 1232 auxiliis
1834 1177 2207 1251 vagabantur,
2270 1177 2396 1253 ipse

310 1297 366 1333 10
384 1276 556 1332 robur
596 1273 851 1350 peditum
904 1272 979 1330 ad
1022 1271 1439 1330 exsolvendum
1485 1271 1776 1331 obsidium
1829 1272 2001 1331 ducit.
2108 1274 2396 1350 simulque
2418 1292 2450 1337 2

385 1381 590 1430 cuncta
643 1388 913 1447 prospere
968 1379 1112 1442 acta,
1169 1370 1353 1428 caesis
1418 1370 1853 1447 populatoribus
1908 1380 1968 1428 et
2026 1371 2391 1431 dissensione

384 1479 507 1528 orta
554 1469 709 1544 apud
755 1467 1085 1527 obsidentes
1129 1468 1395 1545 regisque
1446 1478 1774 1545 opportuna
1829 1469 2129 1545 eruptione
2182 1480 2240 1528 et
2293 1471 2397 1530 ad-

384 1576 555 1625 ventu
597 1566 855 1641 legionis,
941 1584 1126 1642 neque
1170 1566 1355 1624 aciem
1398 1575 1495 1623 aut
1536 1567 1819 1643 proelium
1861 1567 1974 1626 dici
2017 1567 2291 1641 decuerit,
2335 1570 2396 1627 in
2418 1587 2450 1633 3

384 1684 501 1743 quo
529 1665 795 1724 semermi
823 1682 891 1722 ac
918 1664 1178 1741 palantes
1207 1664 1473 1723 trucidati
1502 1674 1635 1723 sunt
1665 1666 1785 1725 sine
1816 1675 2017 1724 nostro
2049 1668 2355 1742 sanguine.

313 1788 366 1837 15
465 1770 574 1824 40.
630 1763 856 1823 Eodem
903 1781 1060 1820 anno
1111 1762 1428 1821 Galliarum
1484 1763 1735 1822 civitates
1789 1765 1868 1821 ob
1930 1765 2398 1840 magnitudinem

387 1863 531 1921 aeris
573 1862 741 1921 alieni
782 1861 1151 1919 rebellionem
1194 1870 1547 1938 coeptavere,
1591 1862 1750 1921 cuius
1793 1862 2192 1922 exstimulator
2234 1883 2399 1924 acer-

386 1962 561 2021 rimus
621 1962 765 2020 inter
824 1959 1104 2019 Treveros
1169 1959 1347 2018 Iulius
1405 1959 1630 2031 Florus,
1696 1961 1850 2037 apud
1911 1960 2150 2021 Aeduos
2214 1965 2400 2024 Iulius

389 2060 664 2120 Sacrovir.
745 2059 1012 2117 nobilitas
1054 2060 1338 2117 ambobus
1375 2068 1432 2116 et
1473 2059 1759 2117 maiorum
1793 2061 1950 2118 bona
1992 2059 2162 2133 facta,
2204 2081 2398 2141 eoque
2423 2080 2455 2125 2

388 2158 657 2216 Romana
706 2158 900 2216 civitas
951 2157 1091 2215 olim
1140 2156 1288 2227 data,
1349 2174 1483 2214 cum
1537 2157 1597 2215 id
1651 2175 1842 2216 rarum
1897 2178 2004 2218 nec
2053 2161 2161 2218 nisi
2207 2162 2399 2221 virtuti

309 2279 370 2316 20
389 2257 632 2333 pretium
687 2265 852 2313 esset.
963 2254 1002 2311 ii
1058 2253 1283 2312 secretis
1350 2254 1691 2332 conloquiis,
1748 2255 2099 2317 ferocissimo
2156 2278 2397 2338 quoque
2421 2281 2453 2327 3

387 2355 695 2430 adsumpto
751 2362 850 2412 aut
899 2353 1108 2429 quibus
1152 2353 1230 2410 ob
1275 2361 1592 2428 egestatem
1637 2372 1707 2412 ac
1762 2365 1982 2414 metum
2036 2375 2110 2415 ex
2163 2357 2396 2435 flagitiis

387 2453 640 2510 maxima
701 2451 982 2528 peccandi
1038 2450 1420 2530 necessitud0‚
1480 2463 1842 2537 componunt
1897 2453 2101 2513 Florus
2158 2454 2392 2534 BelgaS‚

390 2550 647 2610 Sacrovir
699 2550 998 2626 propiores
1045 2546 1248 2607 Gallos
1297 2549 1549 2608 concire.
1634 2550 1803 2624 igitur
1852 2570 1957 2627 per
2013 2555 2397 2616 conciliabula
2420 2575 2456 2620 4

387 2660 443 2708 et
489 2657 687 2707 coetus
730 2648 1000 2707 seditiosa
1043 2647 1401 2706 disserebant
1443 2647 1516 2706 de
1560 2649 1990 2708 continuatione
2031 2652 2394 2727 tributorum,

311 2773 334 2806 2
342 2771 368 2820 5
388 2747 660 2824 gravitate
687 2745 950 2817 faenoriS,
980 2745 1214 2803 saevitia
1241 2763 1312 2804 ac
1352 2745 1618 2821 superbia
1658 2747 2105 2822 praesidentium
2119 2769 2135 2822 3
2181 2762 2242 2810 et
2284 2754 2397 2812 dis-

390 2845 626 2905 cordare
680 2843 915 2903 militem
969 2843 1163 2903 audito
1219 2842 1552 2903 Germanici
1607 2845 1801 2904 exitio,
1885 2848 2181 2922 egregium
2236 2869 2396 2909 resu-
2424 2869 2459 2915 5

389 2943 632 3002 mendae
669 2942 911 3001 libertati
947 2951 1193 3017 tempuS,
1224 2942 1271 3000 si
1311 2942 1420 3018 ipsi
1460 2941 1751 3013 florenteS‚
1783 2961 1958 3019 quam
1999 2945 2170 3022 inops
2214 2947 2398 3021 Italia,

394 3060 570 3119 quam
596 3040 820 3098 inbellis
848 3040 1071 3098 urbana
1107 3040 1324 3115 plebeS,
1354 3040 1493 3098 nihil
1521 3040 1773 3100 validum
1808 3042 1870 3099 in
1906 3044 2246 3103 exercitibus
2288 3048 2397 3106 nisi

392 3139 549 3216 quod
575 3148 888 3208 externum,
918 3137 1249 3214 cogitarent.

316 3260 378 3308 30
477 3243 571 3295 41.
616 3236 794 3294 Haud
835 3235 1012 3294 ferme
1046 3236 1159 3294 ulla
1200 3236 1395 3301 civitas
1431 3236 1645 3296 intacta
1689 3238 1999 3297 seminibus
2044 3240 2162 3298 eius
2204 3252 2397 3302 motus

395 3335 527 3393 fuit:
576 3335 678 3393 sed
706 3353 944 3410 erupere
973 3334 1143 3411 primi
1172 3333 1469 3392 Andecavi
1499 3353 1567 3392 ac
1598 3334 1839 3395 Turoni.
1923 3356 2171 3413 quorum
2199 3339 2398 3399 Ande·
2426 3361 2461 3407 2

398 3452 568 3492 cavos
616 3433 834 3491 Acilius
883 3433 1086 3491 Aviola
1134 3432 1372 3506 legatuS,
1425 3433 1611 3491 excita
1654 3434 1889 3493 cohorte
1935 3454 2082 3512 quae
2129 3436 2400 3514 Lugduni

398 3531 745 3607 praesidium
772 3532 1039 3607 agitabat,
1069 3531 1338 3591 coercuit.
1404 3529 1627 3590 Turoni
1655 3532 1969 3607 legionario
1999 3534 2192 3606 milite,
2223 3554 2399 3613 quem
2426 3557 2459 3603 3
