2594 3925
212 226 282 269 A.
298 226 352 267 n.
383 202 486 288 15.]
832 212 1066 263 LIBER
1105 212 1154 261 J.
1220 210 1374 261 cAP.
1413 204 1627 278 57-60·
2158 216 2233 277 ⁷5

211 388 513 448 responso
539 370 730 429 liberis
758 368 1211 447 propinquisque
1238 367 1360 426 eius
1387 367 1862 439 incolumitatem,
1890 368 1999 444 ipsi
2038 366 2235 426 sedem

144 478 182 524 9
211 479 411 529 vetere
450 469 514 528 in
555 468 853 544 provincia
892 467 1207 544 pollicetur.
1288 466 1598 525 exercitum
1639 466 1862 524 reduxit
1903 484 2233 542 nomenque

213 567 592 643 imperatoris
647 576 883 625 auctore
929 564 1166 623 Tiberio
1222 565 1462 640 accepit.
1572 563 1815 621 Arminii
1862 583 2010 623 uxor
2063 565 2235 623 virilis

214 684 397 724 sexus
454 665 689 740 stirpem
733 664 947 723 edidit:
1017 663 1291 722 educatus
1350 662 1666 721 Ravennae
1731 680 1873 738 puer
1929 681 2045 739 quo
2092 682 2229 722 mox

213 763 470 823 ludibrio
500 762 861 821 conflictatus
902 762 989 832 sit,
1021 762 1081 819 in
1109 771 1370 836 ternpore
1399 761 1759 819 memorabo.
2257 786 2286 834 5

304 868 415 920 59.
459 860 644 918 Fama
712 860 884 918 dediti
951 858 1318 935 benigneque
1385 860 1612 934 excepti
1684 858 1932 935 Segestis
1987 859 2233 936 vulgata,

215 969 283 1018 ut
316 960 640 1035 quibusque
681 958 894 1016 bellum
922 958 1109 1041 inuitis
1152 967 1249 1015 aut
1291 957 1650 1043 cupientibus
1691 968 1827 1028 erat,
1858 975 1962 1033 spe
2000 958 2087 1015 vel
2131 959 2234 1017 do-

142 1067 183 1112 2
215 1057 341 1116 lore
365 1056 662 1132 accipitur.
744 1038 1070 1113 Arminium
1099 1073 1268 1131 super
1287 1055 1518 1114 insitam
1534 1055 1863 1115 violentiam
1889 1065 2052 1131 rapta
2071 1074 2234 1128 uxor,

216 1156 516 1214 subiectus
557 1154 781 1213 servitio
808 1154 1005 1212 uxoris
1046 1164 1239 1213 uterus
1266 1155 1609 1213 vaecordem
1636 1155 1903 1231 agebant,
1939 1154 2236 1215 volitabat-

217 1272 333 1330 que
385 1272 489 1329 per
537 1253 880 1323 CheruscOS‚
927 1271 1089 1310 arma
1139 1253 1200 1310 in
1251 1252 1566 1329 Segestem,
1615 1270 1780 1330 arma
1819 1254 1880 1311 in
1926 1252 2235 1312 Caesarem
2259 1278 2317 1312 10

146 1369 186 1413 3
215 1369 497 1428 poscens,
575 1370 761 1428 neque
795 1351 1022 1427 probris
1051 1352 1442 1426 temperabat:
1486 1352 1778 1427 egregium
1806 1361 2045 1428 patrem,
2074 1370 2236 1428 mag-

216 1469 366 1507 num
431 1451 857 1527 imperatorem,
915 1449 1121 1507 fortem
1181 1450 1514 1520 exercitum,
1572 1467 1818 1525 quorum
1883 1458 1974 1524 tot¹
2030 1468 2236 1529 manus

146 1565 188 1609 4
214 1567 401 1606 unam
441 1548 832 1606 mulierculam
873 1548 1179 1606 avexerint.
1263 1547 1369 1606 sibi
1412 1556 1524 1631 tres
1566 1547 1841 1623 legioneS,
1873 1548 2114 1607 totidem
2155 1550 2235 1608 le-

213 1657 394 1722 gatos
438 1647 854 1723 procubuisse3
897 1663 1019 1704 non
1060 1645 1217 1704 enirn
1259 1663 1321 1703 se
1364 1644 1687 1721 proditione
1731 1665 1918 1724 neque
1963 1647 2234 1706 adversus

213 1745 467 1803 seminas
510 1745 793 1821 gravidaS,
839 1743 941 1802 sed
989 1743 1185 1819 palam
1227 1743 1495 1802 adversus
1538 1754 1790 1803 armatos
1832 1745 2043 1803 bellum
2086 1757 2233 1804 trac·
2259 1771 2313 1819 15

147 1856 182 1901 5
214 1855 359 1902 tare.
444 1842 599 1901 cerni
628 1841 815 1902 adhuc
846 1841 1272 1901 Germanorum
1301 1842 1363 1899 in
1391 1842 1535 1901 lucis
1575 1844 1739 1919 signa
1767 1843 2055 1915 Romana,
2086 1863 2234 1920 quae

146 1954 184 2000 6
215 1942 307 1999 dis
352 1941 547 2018 patriis
581 1941 953 2018 suspenderit.
1038 1940 1251 2001 coleret
1300 1940 1564 2018 Segestes
1605 1943 1814 2001 victam
1858 1943 2061 2020 ripam,
2106 1945 2233 2004 red-

215 2040 380 2098 deret
408 2040 527 2098 filio
571 2041 954 2099 sacerdotium
987 2039 1327 2099 hominum:
1373 2040 1699 2100 Germanos
1734 2060 2053 2119 numquam
2096 2045 2232 2102 satis

213 2149 609 2211 excusaturos,
644 2138 802 2215 quod
842 2139 989 2197 inter
1032 2139 1225 2197 Albim
1265 2149 1323 2198 et
1367 2139 1641 2198 Rhenum
1681 2141 1867 2215 virgas
1907 2151 1965 2199 et
2005 2159 2235 2200 secures

147 2251 183 2300 ’1
211 2249 271 2296 et
316 2247 518 2314 togam
559 2237 816 2296 viderint.
899 2237 1023 2296 aliis
1064 2238 1332 2313 gentibus
1374 2238 1693 2314 ignorantia
1735 2238 1938 2314 imperi
1978 2238 2235 2297 Romani
2256 2264 2316 2299 20

212 2337 522 2413 inexperta
560 2354 682 2394 esse
718 2335 1013 2413 supplicia,
1056 2337 1250 2396 nescia
1293 2338 1501 2395 tributa
1525 2357 1543 2409 3
1587 2355 1732 2413 quae
1776 2338 2050 2412 quoniam
2094 2357 2233 2396 exu-

213 2436 366 2493 erint
393 2435 707 2510 inritusque
737 2433 1058 2493 discesserit
1090 2435 1181 2493 ille
1215 2435 1363 2493 inter
1396 2436 1635 2493 numina
1669 2435 1888 2494 dicatus
1919 2435 2231 2511 Augustus,

214 2533 311 2592 ille
346 2532 600 2590 delectus
628 2532 912 2603 Tiberim,
940 2550 1013 2590 ne
1042 2533 1348 2608 inperitum
1378 2533 1882 2606 adulescentulum,
1902 2552 1975 2592 ne
2005 2534 2232 2595 seditio-

150 2643 191 2688 8
217 2650 351 2690 sum
406 2632 722 2689 exercitum
777 2640 1163 2707 pavescerent.
1267 2632 1316 2689 si
1371 2633 1618 2707 patriam
1671 2642 1939 2709 parentes
1997 2633 2233 2711 antiqua

212 2731 456 2790 mallent
501 2748 675 2806 quam
724 2729 994 2788 dominos
1038 2738 1095 2787 et
1132 2728 1388 2788 colonias
1434 2749 1630 2801 novas,
1674 2731 1998 2789 Arminium
2040 2734 2230 2807 potius
2251 2758 2309 2806 25

213 2828 434 2905 gloriae
497 2847 566 2887 ac
621 2827 895 2886 libertatis
960 2845 1136 2903 quam
1202 2827 1503 2904 Segestem
1570 2828 1889 2905 flagitiosae
1950 2831 2230 2889 servitutis

217 2928 430 2986 ducem
458 2934 843 3002 sequerentur.

303 3031 411 3085 60.
455 3023 685 3083 Conciti
714 3043 816 3100 per
844 3024 986 3083 haec
1028 3043 1150 3084 non
1179 3024 1363 3083 modo
1393 3023 1669 3084 Cherusci
1700 3025 1804 3084 sed
1833 3028 2229 3086 conterminae

216 3133 440 3199 genteS‚
499 3131 825 3199 tractusque
882 3123 942 3179 in
995 3124 1170 3198 partis
1226 3123 1632 3199 Inguiomerus
1693 3099 1935 3182 Ar-minii
1977 3136 2229 3200 patrum,

219 3231 403 3279 vetere
431 3221 587 3296 apud
621 3220 926 3284 Romanos
954 3221 1287 3279 auctoritate
1308 3240 1324 3293 ;
1368 3221 1522 3279 unde
1551 3221 1735 3279 maior
1766 3220 1997 3281 Caesari
2026 3232 2228 3281 metus.
2247 3246 2311 3293 30

157 3329 191 3374 2
215 3329 275 3378 et
301 3338 374 3377 ne
403 3319 618 3377 bellurn
651 3319 802 3394 mole
844 3336 961 3376 una
989 3318 1288 3404 ingrueret,
1320 3318 1636 3377 Caecinam
1677 3337 1810 3377 cum
1852 3319 2231 3395 quadraginta
2297 3299 2309 3313 ⁶

218 3417 556 3475 cohortibus
598 3416 879 3474 Romanis
922 3399 1291 3474 distrahendo
1326 3416 1475 3475 hosti
1518 3435 1619 3492 per
1660 3415 1968 3475 Bructeros
2003 3418 2076 3474 ad
2119 3417 2228 3473 flu-

221 3532 359 3572 men
401 3514 688 3573 Amisiam
722 3515 908 3585 mittit,
939 3513 1189 3590 equitem
1219 3513 1381 3572 Pedo
1420 3514 1739 3592 praefectus
1777 3515 1985 3572 finibus
2015 3514 2226 3573 Frisio-

1787 3597 1906 3608 ——ss-..a-
