2594 3925
250 251 367 294 Am.
403 231 509 317 27.]
818 245 1048 295 LIBER
1086 245 1184 296 IV.
1253 245 1406 296 CAP.
1449 237 1666 312 62-67.
2119 252 2227 292 201

167 411 215 455 3
253 399 534 460 adduntur
574 402 901 473 sententiae,
936 411 1000 461 ut
1039 419 1209 462 mons
1242 400 1474 461 Caelius
1516 401 1577 459 in
1617 410 1912 478 posterum
1945 400 2238 476 Augustus

252 500 640 575 appellaretur,
671 502 905 577 quando
943 502 1163 560 cunctis
1192 501 1410 560 circum
1452 499 1825 577 flagrantibus
1869 500 1994 559 sola
2020 497 2240 558 Tiberii

251 598 483 673 effigieS,
538 599 645 658 sita
699 599 759 656 in
806 599 983 659 domo
1038 599 1189 658 Iunii
1245 598 1545 669 senatoriS,
1595 588 1865 658 inviolata
1921 597 2239 656 mansisset.

172 708 230 755 4
251 696 505 756 evenisse
559 697 620 757 id
673 698 811 758 olim
866 696 1141 757 Claudiae
1196 696 1464 770 Quintae,
1523 697 1757 773 eiusque
1827 706 2073 755 statuam
2125 697 2243 754 vim

251 793 474 870 ignium
515 794 605 854 bis
637 795 893 871 elapsam
927 795 1175 855 maiores
1209 795 1365 871 apud
1399 794 1605 853 aedem
1644 793 1839 853 matris
1881 794 2057 852 deum
2099 810 2240 851 con-
2264 814 2292 865 5

180 910 226 957 5
253 892 580 954 secravisse.
684 902 920 952 sanctos
990 901 1380 969 acceptosque
1448 892 1779 951 numinibus
1837 889 2129 962 Claudios,
2185 899 2244 948 et

233 990 581 1066 augendam
630 991 1038 1052 caerimoniam
1086 991 1234 1063 loco,
1278 991 1341 1049 in
1382 1008 1501 1068 quo
1542 1000 1768 1049 tantum
1816 990 1878 1048 in
1900 989 2245 1067 ‘principem

252 1088 539 1148 honorem
568 1090 629 1148 di
664 1078 1031 1151 ostenderint.

333 1193 434 1247 65.
478 1186 658 1245 Haud
697 1187 859 1246 fuerit
895 1187 1207 1247 absurdum
1232 1188 1452 1248 tradere
1478 1196 1738 1248 montem
1779 1204 1914 1246 eum
1940 1184 2247 1262 antiquitus

254 1283 787 1363 Querquetulanum
841 1296 1232 1363 cognomento
1279 1287 1471 1359 fuisse,
1516 1287 1676 1364 quod
1729 1286 1857 1345 talis
1911 1285 2083 1343 silvae
2138 1282 2247 1341 fre·
2269 1304 2329 1341 ιο

253 1402 439 1461 quens
479 1383 873 1461 fecundusque
912 1392 1046 1456 erat,
1075 1403 1216 1443 mox
1258 1384 1522 1444 Caelium
1563 1383 1956 1461 appellitatum
1997 1401 2032 1441 a
2074 1379 2249 1441 Caele

252 1482 542 1554 Vibenna,
572 1483 670 1561 qui
710 1482 828 1542 dux
868 1483 1055 1559 gentis
1095 1481 1374 1542 Etruscae
1416 1501 1549 1542 cum
1593 1483 1863 1541 auxilium
1891 1480 2248 1559 portauisset‚

254 1580 459 1641 sedem
514 1599 645 1640 eam
704 1590 1005 1659 acceperat
1051 1599 1089 1641 a
1131 1580 1451 1658 Tarquinio
1500 1580 1718 1653 Prisc0‚
1775 1597 1878 1639 seu
1926 1579 2054 1658 quis
2108 1579 2252 1638 alius

194 1694 230 1740 2
253 1698 460 1755 regum
500 1678 654 1738 dedit
681 1699 695 1738 ε
738 1698 877 1737 nam
917 1680 1215 1756 scriptores
1254 1679 1315 1736 in
1357 1697 1430 1737 eo
1472 1678 1823 1738 dissentiunt.
1906 1686 2093 1738 cetera
2131 1695 2253 1736 non

257 1777 532 1853 ambigua
573 1786 720 1849 sunt,
762 1795 1008 1853 magnas
1052 1795 1151 1835 eas
1193 1776 1393 1852 copias
1434 1794 1538 1852 per
1578 1777 1752 1853 plana
1791 1775 1965 1835 etiam
2013 1794 2082 1833 ae
2130 1774 2253 1835 foro
2276 1796 2333 1848 15

255 1876 586 1954 propinqua
625 1875 985 1947 habitavisse,
1023 1875 1179 1935 unde
1220 1873 1483 1933 Tuscum
1524 1874 1716 1934 vicum
1754 1892 1789 1933 e
1828 1871 2107 1933 vocabulo
2155 1871 2256 1931 ad-

255 1992 535 2035 venarum
572 1974 805 2034 dictum.

344 2080 449 2134 66.
494 2072 610 2132 Sed
655 2082 719 2131 ut
762 2071 948 2132 studia
994 2090 1302 2151 procerum
1345 2081 1405 2133 et
1456 2071 1678 2148 largitio
1733 2070 2009 2149 principis
2058 2069 2256 2130 adver-

261 2189 394 2232 sum
435 2188 602 2230 casus
642 2171 922 2230 solacium
962 2171 1218 2243 tulerant,
1248 2171 1326 2229 ita
1362 2180 1766 2229 accusatorum
1800 2169 1985 2228 maior
2024 2168 2086 2226 in
2132 2167 2256 2227 dies

260 2280 321 2330 et
368 2269 622 2329 infestior
667 2269 752 2328 vis
800 2269 924 2328 sine
967 2269 1289 2328 levamento
1333 2270 1727 2345 grassabatur;
1798 2267 2253 2344 corripueratque
2275 2288 2337 2324 20

262 2368 485 2428 Varum
511 2366 869 2440 Quintilium,
900 2367 1129 2426 divitem
1168 2377 1225 2426 et
1258 2366 1494 2426 Caesari
1533 2367 1937 2444 propinquum,
1968 2365 2258 2423 Domitius

261 2466 418 2539 Afer,
477 2465 752 2525 Claudiae
812 2464 1091 2524 Pulchrae
1159 2466 1357 2523 matris
1425 2465 1547 2524 eius
1616 2463 2045 2534 condemnator,
2103 2461 2259 2521 nullo

262 2565 507 2624 mirante
552 2563 711 2640 quod
755 2562 855 2621 diu
895 2581 1073 2638 egens
1121 2571 1179 2621 et
1217 2572 1385 2640 parto
1426 2580 1608 2638 nuper
1647 2562 1904 2638 praemio
1939 2561 2088 2620 male
2124 2578 2261 2620 usus

200 2683 236 2729 2
263 2663 425 2740 plura
464 2661 541 2720 ad
579 2659 799 2736 flagitia
838 2660 1245 2736 accingeretur.
1329 2660 1393 2719 P.
1435 2659 1798 2719 Dolabellam
1839 2659 2064 2718 socium
2105 2659 2262 2718 dela-

265 2759 440 2819 tionis
489 2758 743 2817 extitisse
779 2758 1055 2817 miraculo
1095 2767 1232 2830 erat,
1274 2759 1411 2835 quia
1452 2757 1617 2817 elaris
1658 2757 1966 2817 maioribus
2015 2765 2072 2816 et
2105 2756 2263 2816 Varo
2283 2778 2342 2830 25

263 2875 525 2918 conexus
569 2874 734 2916 suam
781 2857 905 2934 ipse
949 2857 1321 2927 nobilitatem,
1366 2874 1533 2915 suum
1588 2856 1927 2932 sanguinem
1981 2854 2261 2932 perditum

201 2976 238 3024 8
263 2957 399 3015 ibat.
483 2954 684 3014 restitit
737 2965 933 3014 tamen
959 3024 960 3027 Ἴ
987 2965 1217 3013 senatus
1272 2965 1329 3013 et
1382 2953 1798 3030 opperiendum
1859 2953 2262 3028 imperatorem

266 3054 502 3125 censuit,
520 3052 680 3130 quod
705 3070 887 3111 unum
912 3053 1273 3130 urguentium
1301 3051 1585 3110 malorum
1614 3050 1924 3126 suffugium
1950 3049 2011 3107 in
2038 3058 2265 3127 tempus

265 3162 402 3213 erat.

347 3256 448 3312 6¹7.
493 3249 573 3309 At
614 3248 829 3309 Caesar
869 3249 1147 3309 dedicatis
1194 3268 1299 3326 per
1347 3247 1732 3324 Campaniam
1774 3246 2019 3323 templiS,
2063 3264 2261 3322 quam·
2281 3268 2345 3318 30

263 3368 445 3428 quam
501 3347 689 3409 edicto
741 3349 1070 3420 monuisset,
1118 3366 1193 3406 ne
1242 3346 1370 3424 quis
1416 3347 1667 3423 quietem
1722 3344 1842 3402 eius
1898 3345 2262 3421 inrumperet,

266 3464 696 3522 concursusque
756 3444 1180 3523 oppidanorum
1234 3445 1513 3520 disposito
1577 3442 1752 3501 milite
1813 3441 2297 3519 prohiberentur,'
2353 3460 2356 3463 ·

269 3562 509 3627 perosus
548 3553 743 3604 tamen
781 3542 1095 3625 municipia
1136 3551 1191 3601 et
1228 3542 1488 3601 colonias
1525 3539 1834 3623 omniaque
1862 3539 1922 3596 in
1949 3539 2266 3606 continenti
