2594 3925
188 265 193 270 .
255 218 531 304 A.D.21.]
842 231 1073 280 LIBER
1114 231 1227 282 [Η.
1297 231 1448 281 cap,
1495 242 1709 299 31-34·
2168 240 2276 298 145

266 398 535 455 stratum,
576 390 667 449 cui
707 390 1006 466 provincia
1044 390 1393 463 obvenisset,
1434 410 1582 450 uxor
1623 392 2003 465 comitaretur,
2032 392 2277 450 multum

266 497 407 545 ante
436 489 679 565 repetito
708 489 1063 547 concordem
1092 489 1199 547 sibi
1229 490 1539 567 coniugem
1569 500 1626 549 et
1662 509 1764 549 sex
1803 503 1997 567 partus
2027 491 2276 561 enixam,

265 602 449 659 seque
492 603 642 660 quae
690 586 751 643 in
795 586 1089 663 publicum
1127 597 1397 646 statueret
1441 588 1601 646 domi
1650 589 1978 659 servavisse,
2024 589 2278 647 cohibita

262 681 416 739 intra
460 682 698 754 Italiam,
744 702 1099 760 quamquam
1140 685 1261 761 ipse
1309 685 1486 761 pluris
1528 704 1630 761 per
1672 686 1994 761 provincias
2030 686 2277 762 quadra-

196 792 237 838 2
262 782 430 856 ginta
461 781 748 857 stipendia
776 783 1139 858 explevisset.
1216 782 1376 842 haud
1403 783 1561 841 enim
1589 783 1795 841 frustra
1830 784 2107 859 placitum
2136 785 2278 843 olim
2300 809 2327 858 5

264 898 340 937 ne
372 879 623 939 feminae
652 881 715 939 in
744 882 934 940 socios
963 890 1062 939 aut
1103 891 1307 958 gentes
1340 891 1608 940 externas
1648 881 2041 941 traherentur:
2087 883 2278 941 inesse

264 978 571 1036 mulierum
625 980 921 1038 comitatui
983 997 1133 1056 quae
1201 996 1412 1055 pacem
1473 979 1627 1049 luxu,
1689 979 1905 1037 bellum
1975 979 2278 1039 formidine

264 1088 565 1135 morentur
619 1087 677 1135 et
738 1077 1075 1137 Romanum
1132 1096 1346 1154 agmen
1414 1078 1489 1137 ad
1556 1077 1987 1137 similitudinem
2048 1079 2276 1137 barbari

201 1189 240 1235 8
264 1174 529 1234 incessus
586 1186 939 1236 convertant.
1050 1194 1171 1235 non
1235 1176 1566 1235 inbecillum
1623 1186 1845 1234 tantum
1900 1185 1958 1234 et
2013 1177 2275 1252 inparem

265 1271 565 1331 laboribus
607 1292 828 1347 sexum,
873 1275 975 1334 sed
1016 1275 1066 1333 si
1107 1274 1338 1333 licentia
1379 1275 1543 1346 adsit,
1588 1293 1842 1345 saevum,
1885 1275 2272 1345 ambitiosum,
2297 1300 2357 1334 10

263 1372 568 1445 potestatis
601 1373 865 1444 avidum3
915 1374 1184 1431 incedere
1225 1374 1375 1432 inter
1406 1373 1633 1442 militeS,
1674 1373 1888 1431 habere
1922 1373 1996 1431 ad
2035 1390 2274 1431 manum

265 1469 635 1528 centuriones
657 1469 689 1542 3'
717 1471 1076 1547 praesedisse
1105 1489 1291 1547 nuper
1321 1471 1598 1529 feminam
1628 1471 1901 1530 exercitio
1931 1470 2272 1543 cohortium,

201 1578 240 1624 4
265 1564 526 1624 decursu
557 1566 871 1643 legionum.
983 1568 1304 1644 cogitarent
1350 1569 1476 1645 ipsi,
1515 1563 1786 1646 quotiens
1822 1569 2274 1645 repetundarum

262 1663 442 1739 aliqui
487 1677 873 1740 arguerentur,
917 1666 1082 1742 plura
1124 1668 1399 1725 uxoribus
1442 1668 1757 1740 obiectari;
1815 1667 1904 1726 his
1948 1668 2139 1725 statim
2176 1668 2275 1725 ad-

262 1762 601 1822 haerescere
629 1763 998 1823 deterrimum
1025 1783 1316 1841 quemque
1346 1766 1800 1841 provincialium,
1823 1767 1897 1824 ab
1920 1764 2008 1822 his
2038 1767 2273 1841 negotia
2299 1790 2351 1839 ¹5

208 1877 221 1882 “
262 1861 499 1937 suscipi,
542 1863 811 1939 transigi3
864 1863 1112 1921 duorum
1155 1881 1425 1939 egressus
1469 1863 1596 1935 coli,
1641 1863 1757 1922 duo
1801 1881 1928 1922 esse
1968 1864 2271 1939 praetoria,

261 1960 659 2036 pervicacibus
715 1962 903 2038 magis
958 1972 1015 2021 et
1069 1964 1468 2039 inpotentibus
1525 1962 1828 2021 mulierum
1883 1961 2064 2031 iussiS,
2124 1980 2272 2037 quae

264 2057 481 2134 Oppiis
539 2061 839 2136 quondam
895 2061 1132 2138 aliisque
1160 2061 1411 2137 legibus
1455 2062 1813 2130 constrictae,
1863 2078 2018 2121 nunc
2073 2053 2272 2119 vinclis

263 2156 542 2216 exsolutis
585 2159 811 2230 domos,
855 2159 996 2230 fora,
1040 2160 1157 2218 iam
1199 2170 1257 2218 et
1300 2160 1583 2218 exereitus
1622 2168 1903 2236 regerent.

347 2260 449 2314 34.
494 2256 816 2316 Paucorum
858 2257 1002 2316 haec
1044 2258 1295 2317 adsensu
1338 2258 1563 2317 audita:
1629 2258 1820 2335 plures
1862 2257 2266 2327 obturbabant,
2292 2280 2353 2315 20

262 2371 457 2431 neque
484 2354 723 2415 relatum
751 2355 825 2414 de
852 2354 1089 2432 negotio
1119 2374 1311 2431 neque
1350 2355 1666 2415 Caecinam
1699 2356 1939 2431 dignum
1966 2363 2161 2412 tantae
2189 2356 2270 2413 rei

206 2463 244 2509 2
266 2470 586 2512 censorem.
690 2471 829 2512 mox
872 2452 1136 2512 Valerius
1178 2453 1550 2522 Messalinus,
1595 2453 1686 2512 cui
1733 2470 1945 2528 parens
1997 2450 2273 2510 Messalla

263 2552 561 2628 ineratque
590 2553 785 2628 imago
827 2560 1102 2629 paternae
1138 2552 1460 2624 facundiae,
1489 2550 1791 2627 respondit
1822 2550 2002 2608 multa
2032 2550 2269 2608 duritiae

264 2660 521 2709 veterum
562 2653 623 2708 in
663 2652 867 2710 melius
908 2660 966 2710 et
1005 2650 1206 2709 laetius
1247 2659 1467 2708 mutata
1482 2668 1499 2722 ;
1557 2666 1748 2724 neque
1789 2648 1965 2720 enim,
2007 2657 2069 2704 ut
2113 2647 2267 2716 olim,

201 2766 240 2812 8
265 2748 517 2807 obsideri
553 2751 756 2808 urbem
787 2749 952 2808 bellis
991 2759 1088 2808 aut
1132 2748 1457 2825 provincias
1495 2747 1717 2805 hostilis
1751 2764 1895 2804 esse.
1979 2755 2037 2803 et
2078 2762 2267 2820 pauca
2289 2767 2345 2816 25

265 2846 611 2905 feminarum
639 2847 1072 2906 necessitatibus
1102 2845 1368 2916 concedi,
1396 2863 1544 2920 quae
1575 2864 1650 2903 ne
1690 2844 2004 2919 coniugum
2033 2841 2268 2917 quidem

263 2955 525 3020 penateS,
582 2945 731 3004 adeo
789 2946 982 3004 socios
1036 2962 1158 3003 non
1215 2953 1488 3016 onerent3
1554 2954 1744 3003 cetera
1791 2941 2085 3018 promisca
2134 2957 2268 2998 cum

198 3054 241 3104 4'
262 3044 488 3114 marit0,
530 3061 640 3102 nec
685 3043 864 3101 ullum
905 3044 965 3100 in
1009 3060 1081 3101 eo
1119 3043 1278 3119 pacis
1320 3042 1819 3118 impedimentum.
1903 3037 2052 3097 bella
2096 3037 2267 3113 plane

262 3142 539 3201 accinctis
595 3142 905 3201 obeunda:
979 3140 1080 3198 sed
1134 3142 1546 3200 revertentibus
1602 3147 1737 3216 post
1790 3137 2050 3196 laborem
2106 3134 2266 3210 quod

261 3239 556 3299 honestius
590 3258 768 3316 quam
800 3239 1067 3298 uxorium
1103 3238 1529 3296 levamentum?
1592 3245 1651 3295 at
1679 3234 1960 3312 quasdam
1989 3233 2050 3289 in
2078 3233 2264 3290 ambi-
2284 3256 2347 3303 30

202 3353 237 3399 5
261 3340 483 3397 tionem
512 3348 609 3396 aut
636 3339 930 3398 avaritiam
959 3336 1276 3414 prolapsas.
1334 3336 1513 3412 quid?
1542 3337 1802 3411 ipsorum
1824 3331 2261 3409 magistratuum

202 3451 237 3495 6
263 3455 462 3496 nonne
491 3437 800 3513 plerosque
828 3435 992 3494 variis
1019 3434 1352 3492 libidinibus
1382 3432 1708 3492 obnoxios?
1750 3447 1871 3487 non
1900 3436 2094 3485 tamen
2127 3426 2260 3485 ideo

261 3535 559 3594 neminem
584 3535 643 3593 in
680 3534 1038 3610 provinciam
1075 3532 1239 3590 mitti.
1325 3541 1629 3606 corruptos
1672 3545 1847 3603 saepe
1889 3524 2259 3601 pravitatibus

1248 3656 1286 3697 1.
