2594 3925
343 167 418 229 72
753 160 1116 213 CORNELII
1156 161 1248 210 TA
1261 160 1422 211 CJTJ
1453 159 1878 212 ANNALJUM
1982 146 2193 232 [nuc.
2228 156 2347 222 768·

245 322 254 337 ’
342 319 709 377 contumacia
749 326 807 376 et
847 317 994 376 odiis
1034 317 1096 375 in
1127 317 1398 376 maritum
1436 318 1809 388 accendebat,
1838 317 2163 392 literaeque,
2194 331 2354 391 quas

344 416 490 475 Iulia
515 417 664 493 patri
700 416 968 493 Augusto
996 434 1132 476 cum
1164 417 1543 476 insectatione
1572 416 1790 476 Tiberii
1823 417 2064 492 scripsit,
2093 433 2129 472 a
2157 411 2352 472 Grac-

341 514 456 573 cho
489 515 848 591 compositae
876 513 1270 574 credebantur.
1357 515 1527 593 igitur
1553 524 1781 574 amotus
1809 514 2132 584 Cercinam,
2163 510 2355 570 Africi
2381 523 2419 568 ο

343 613 515 670 maris
555 612 817 684 insulam,
860 613 1319 690 quattuordecim
1360 614 1528 672 annis
1571 614 1802 672 exilium
1848 612 2121 672 toleravit.
2206 620 2355 668 tunc
2382 619 2415 669 7

289 733 320 782 5
340 710 545 769 milites
585 712 661 771 ad
703 711 945 771 caedem
983 711 1144 770 missi
1175 711 1445 771 invenere
1486 712 1548 771 in
1588 711 1936 788 prominenti
1978 709 2173 779 litoris,
2203 707 2357 766 nihil

343 808 554 867 laetum
583 809 997 885 opperientem.
1081 827 1330 886 quorum
1370 809 1619 868 adventu
1647 811 1817 868 breve
1858 819 2087 884 tempus
2128 805 2353 882 petivit,
2382 818 2421 861 8

343 917 407 966 ut
449 925 720 983 suprema
766 907 1044 966 mandata
1091 908 1257 966 uxori
1302 908 1569 983 Alliariae
1618 926 1721 984 per
1768 907 1957 966 literas
2003 905 2178 974 daret,
2225 922 2355 962 cer-

343 1005 640 1081 vicemque
681 1005 1114 1081 percussoribus
1170 1005 1391 1077 obtulit,
1437 1004 1761 1066 constantia
1806 1005 2004 1063 mortis
2052 1001 2209 1061 haud
2259 1001 2355 1058 in-

343 1102 553 1179 dignus
582 1102 928 1176 Sempronio
956 1102 1194 1162 nomine
1218 1123 1232 1162 ς
1274 1104 1389 1162 vita
1417 1104 1874 1180 degeneraverat.
1959 1101 2194 1177 quidam
2224 1116 2355 1157 non
2380 1111 2418 1157 9

271 1225 327 1258 ιο
346 1197 541 1259 Roma
582 1217 683 1259 eos
724 1199 945 1271 milites,
962 1201 1079 1279 »sed
1120 1203 1196 1258 ab
1232 1200 1302 1260 L.
1336 1203 1660 1278 Asprenate
1689 1219 1810 1278 pro
1850 1199 2086 1260 consule
2115 1197 2353 1256 Africae

344 1299 556 1357 missos
584 1296 871 1357 tradidere
910 1307 1145 1356 auctore
1175 1297 1431 1371 Tiberio,
1463 1301 1562 1376 qui
1598 1299 1815 1359 famam
1841 1294 2036 1358 caedis
2074 1313 2249 1373 posse
2288 1294 2354 1352 in

345 1396 734 1472 Asprenatem
763 1394 902 1454 verti
929 1395 1133 1454 frustra
1161 1407 1501 1472 speraverat.

429 1498 532 1554 54.
576 1493 743 1551 Idem
783 1512 972 1570 annus
1011 1512 1193 1554 novas
1240 1495 1622 1555 caerimonias
1663 1495 1886 1572 accepit
1934 1493 2129 1552 addito
2179 1491 2355 1551 soda-

347 1593 485 1651 lium
525 1591 932 1668 Augustalium
973 1592 1313 1664 sacerdotio,
1349 1603 1411 1652 ut
1450 1594 1748 1671 quondam
1778 1594 1947 1653 Titus
1977 1592 2180 1651 Tatius
2220 1591 2357 1649 reti-

272 1716 326 1763 15
348 1691 554 1750 nendis
612 1689 957 1750 Sabinorum
1014 1692 1190 1750 sacris
1245 1691 1474 1751 sodales
1531 1692 1719 1750 Titios
1771 1691 2099 1750 instituerat.
2200 1699 2356 1748 sorte
2385 1706 2420 1750 2

347 1788 503 1848 ducti
533 1806 566 1846 e
601 1789 949 1864 primoribus
982 1789 1218 1848 civitatis
1247 1808 1401 1848 unus
1438 1800 1495 1849 et
1522 1791 1754 1867 viginti:
1799 1790 2065 1861 Tiberius
2100 1788 2358 1847 Drusus-

349 1905 461 1964 que
491 1897 548 1946 et
576 1886 854 1946 Claudius
878 1897 936 1945 et
965 1885 1348 1947 Germanicus
1377 1878 1717 1948 adiciuntur.
1798 1887 1963 1947 ludos
2001 1870 2357 1964 Augustales
2385 1906 2419 1951 3

349 1995 487 2044 tunc
517 1986 767 2062 primum
794 1996 1036 2063 coeptos
1074 1988 1319 2045 turbavit
1347 1987 1633 2046 discordia
1660 2006 1733 2046 ex
1772 1986 2085 2046 certamine
2122 1985 2355 2058 histrio-

347 2102 530 2142 num.·
590 2083 902 2143 indulserat
928 2084 982 2144 ei
1009 2084 1229 2144 ludicro
1257 2086 1573 2163 AugustuS,
1602 2086 1742 2144 dum
1770 2084 2098 2152 Maecenati
2125 2085 2354 2143 obtem-

273 2205 334 2242 20
351 2190 514 2259 perat
575 2182 760 2241 effuso
815 2183 878 2241 in
935 2200 1195 2242 amorem
1246 2182 1527 2260 Bathylli;
1585 2201 1775 2260 neque
1830 2184 1954 2259 ipse
2009 2182 2355 2241 abhorrebat

353 2280 556 2361 talibus
612 2280 829 2351 studiis,
886 2290 944 2339 et
998 2281 1160 2339 civile
1201 2283 1431 2340 rebatur
1474 2281 1701 2341 misceri
1752 2281 2135 2357 voluptatibus
2179 2280 2354 2357 vulgi.

352 2378 462 2437 alia
489 2377 726 2437 Tiberio
755 2396 986 2438 morum
1014 2379 1139 2439 via:
1182 2379 1286 2438 sed
1314 2381 1598 2456 populum
1626 2398 1730 2455 per
1764 2388 1848 2438 tot
1887 2375 2074 2437 annos
2109 2378 2355 2438 molliter
2379 2392 2419 2437 4

349 2475 610 2534 habitum
635 2478 898 2536 nondum
926 2476 1173 2536 audebat
1199 2476 1276 2536 ad
1305 2476 1535 2536 duriora
1566 2486 1799 2536 vertere.

435 2582 540 2634 55.
582 2572 777 2634 Druso
851 2574 1100 2634 Caesare
1173 2574 1241 2635 C.
1299 2574 1579 2634 Norbano
1635 2561 1964 2633 consulibus
2032 2572 2356 2631 decernitur

275 2696 332 2745 ²5
355 2671 708 2732 Germanico
750 2672 1073 2750 triumphus
1119 2682 1390 2732 manente
1433 2673 1627 2747 bello;
1684 2674 1844 2749 quod
1890 2689 2244 2747 quamquam
2277 2671 2355 2727 .in

353 2780 631 2829 aestatem
679 2788 931 2844 summa,
949 2788 1064 2849 ope
1118 2772 1375 2847 parabat,
1423 2770 1583 2829 initio
1626 2772 1772 2829 veris
1823 2778 1884 2853 gt
1936 2769 2240 2845 repentino
2295 2768 2355 2825 in

355 2866 599 2928 Chattos
656 2885 902 2927 excursu
955 2869 1264 2946 prgecepit.
1348 2885 1487 2926 nam
1534 2887 1666 2945 spes
1716 2863 2029 2927 incess'erat
2082 2866 2354 2950 dissidere
2379 2884 2416 2928 2

352 2966 580 3025 hostem
623 2966 685 3024 in
723 2965 1052 3023 Arminium
1093 2983 1160 3024 ac
1205 2965 1523 3042 Segestem,
1552 2965 1839 3041 insignem
1879 2974 2183 3040 utrumque
2225 2981 2354 3040 per-

306 3094 323 3106 ·-
356 3063 489 3122 fidia
521 3065 582 3122 in
610 3080 720 3122 nos
747 3072 847 3121 aut
874 3062 1004 3122 fide.
1088 3063 1383 3122 Arminius
1410 3066 1669 3123 turbator
1700 3061 2066 3131 Germaniae,
2089 3060 2354 3137 Segestes
2378 3078 2411 3124 3

278 3184 341 3233 30
358 3162 544 3238 parari
597 3160 970 3220 rebellionem
1014 3179 1188 3245 saepe
1245 3161 1384 3219 alias
1437 3172 1494 3220 et
1550 3178 1819 3238 supremo
1882 3158 2161 3229 convivi0‚
2221 3167 2353 3233 post

357 3260 514 3335 quod
543 3258 603 3316 in
631 3277 792 3316 arma
818 3259 976 3332 itum,
1005 3260 1226 3336 aperuit
1254 3261 1542 3336 suasitque
1570 3259 1731 3333 Varo
1760 3268 1824 3316 ut
1858 3275 1919 3315 se
1947 3266 2005 3315 et
2031 3256 2351 3314 Arminium

357 3366 414 3415 et
450 3367 672 3416 ceteros
709 3374 981 3432 proceres
1019 3358 1286 3433 vinciret:
1329 3358 1469 3415 nihil
1502 3373 1769 3415 ausuram
1810 3355 2044 3431 plebem
2077 3352 2351 3431 principi-

356 3453 464 3512 bus
493 3455 717 3538 amotiS,
749 3465 923 3532 atque
951 3456 1060 3531 ipsi
1103 3464 1333 3533 tempus
1370 3454 1513 3526 fore,
1549 3470 1668 3530 quo
1710 3453 1952 3511 crimina
1984 3461 2042 3509 et
2079 3450 2350 3510 innoxios

1727 3521 1965 3542 *d
