2594 3925
144 247 273 286 mn.
315 225 429 309 η]
745 233 975 286 LIBER
1018 238 1129 287 JJJ.
1202 237 1356 287 CAP.
1405 229 1622 303 72-76.
2079 227 2187 296 165

150 413 422 472 ponens,
482 395 600 453 dux
656 396 780 471 ipse
835 405 959 454 arta
1012 404 1069 453 et
1116 393 1344 452 infensa
1395 393 1660 452 hostibus
1707 400 1933 450 cuncta‘
1959 389 2189 461 fecerat,

149 493 316 570 quia,
347 511 597 569 quoquo
633 493 992 564 inclinarent,
1022 511 1159 570 pars
1200 493 1394 569 aliqua
1438 492 1630 549 militis
1673 490 1929 549 Romani
1971 490 2030 546 in
2070 507 2189 559 ore,

151 590 213 647 in
259 591 455 650 latere
495 600 553 650 et
596 609 770 668 saepe
812 610 849 650 a
888 602 1053 667 tergo
1084 600 1243 663 erat;
1287 589 1571 666 multique
1600 607 1673 648 eo
1703 588 1885 647 modo
1914 587 2068 647 caesi
2095 595 2193 645 aut

94 698 128 741 4
157 689 573 748 circumventi.
656 700 797 750 tunc
853 690 1199 767 tripertitum
1257 689 1579 748 exercitum
1634 687 1814 764 pluris
1868 686 1931 743 in
1984 702 2194 744 manus

96 795 128 840 5
156 785 453 862 dispergit
508 789 931 865 praeponitque
988 789 1363 847 centuriones
1418 787 1636 845 virtutis
1691 793 1980 861 expertae.
2064 800 2194 854 nee,
2218 804 2245 854 5

155 895 222 942 ut
250 903 397 942 mos
423 885 621 957 fuerat,
652 895 782 945 acta
812 896 1028 946 aestate
1059 886 1295 946 retrahit
1325 887 1529 963 copias
1564 895 1663 944 aut
1708 886 1769 942 in
1810 881 2195 941 hibernaculis

158 983 380 1041 veteris
422 984 755 1059 provinciae
800 986 1124 1060 componit,
1159 984 1263 1044 sed
1305 995 1370 1043 ut
1403 987 1463 1044 in
1499 984 1696 1043 limine
1732 981 1865 1041 belli
1906 980 2196 1056 dispositis

161 1080 424 1141 castellis
466 1101 571 1158 per
608 1082 911 1159 expeditos
954 1093 1013 1142 et
1057 1083 1433 1143 solitudinum
1472 1100 1685 1159 gnaros
1720 1087 2042 1139 mutantem
2074 1095 2197 1136 ma-

164 1179 320 1254 palia
355 1179 790 1239 Tacfarinatem
840 1182 1234 1258 proturbabat,
1276 1183 1467 1240 donec
1510 1181 1682 1240 fratre
1726 1180 1850 1238 eius
1892 1186 2066 1253 capto
2108 1194 2194 1234 re-

165 1295 411 1353 gressus
452 1287 557 1349 est,
586 1280 990 1356 properantius
1020 1290 1218 1341 tamen
1261 1299 1440 1358 quam
1481 1299 1555 1339 ex
1597 1279 1836 1337 utilitate
1879 1276 2190 1346 sociorum,
2217 1297 2274 1333 ιο

109 1390 140 1435 6
167 1374 385 1434 relictis
425 1394 532 1452 per
574 1395 724 1453 quos
765 1389 1083 1455 resurgeret
1123 1378 1358 1437 bellum.
1443 1378 1548 1437 sed
1589 1376 1861 1436 Tiberius
1903 1393 2011 1451 pro
2054 1392 2194 1432 con-

170 1472 327 1532 fecto
371 1474 773 1551 interpretatus
813 1476 875 1536 id
917 1495 1153 1553 quoque
1196 1476 1412 1536 Blaeso
1456 1477 1668 1547 tribuit,
1703 1483 1766 1533 ut
1806 1475 2120 1549 imperator
2160 1491 2195 1531 a
2285 1481 2292 1488 “

170 1571 503 1647 legionibus
547 1572 896 1645 salutaretur,
940 1576 1135 1651 prisco
1185 1594 1326 1651 erga
1370 1575 1547 1633 duces
1600 1575 1844 1643 honore,
1891 1573 1991 1649 qui
2044 1573 2195 1630 bene

170 1679 338 1744 gesta
392 1689 455 1729 re
510 1670 745 1746 publica
799 1672 1017 1748 gaudio
1072 1683 1131 1733 et
1180 1674 1401 1749 impetu
1447 1672 1675 1731 victoris
1729 1670 2012 1730 exercitus
2053 1688 2196 1727 con-

173 1766 604 1840 clamabantur3
667 1779 945 1848 erantque
1001 1770 1194 1846 plures
1239 1770 1408 1829 simul
1453 1771 1828 1847 imperatores
1870 1786 1980 1826 nec
2024 1785 2196 1843 super
2218 1789 2271 1839 15

121 1882 150 1931 7
176 1875 500 1925 ceterorum
558 1867 976 1943 aequalitatem.
1063 1870 1352 1928 concessit
1410 1869 1755 1947 quibusdam
1802 1876 1861 1926 et
1901 1866 2195 1941 Augustus

176 1964 234 2023 id
264 1965 634 2038 vocabulum,
664 1985 734 2025 ac
760 1976 900 2026 tunc
929 1967 1197 2027 Tiberius
1226 1968 1436 2027 Blaeso
1464 1978 1838 2045 postremum.

258 2071 360 2125 75.
405 2062 621 2124 Obiere
666 2083 740 2124 eo
788 2084 967 2137 anno,
987 2067 1091 2125 viri
1139 2067 1408 2126 inlustres
1450 2067 1688 2125 Asinius
1735 2063 2061 2135 SaloninuS,
2106 2063 2192 2122 M.

186 2163 450 2240 Agrippa
491 2172 549 2221 et
590 2161 856 2222 Pollione
898 2163 1106 2223 Asinio
1144 2164 1278 2235 avis,
1322 2163 1492 2222 fratre
1534 2162 1729 2221 Druso
1771 2161 2016 2237 insignis
2046 2159 2193 2219 Cae-

181 2263 404 2337 sarique
446 2279 735 2337 progener
775 2262 1112 2334 destinatuS,
1155 2272 1213 2321 et
1254 2261 1464 2339 Capito
1509 2261 1727 2332 AteiuS,
1779 2261 1852 2319 de
1901 2277 2019 2335 quo
2066 2278 2188 2318 me·
2211 2281 2272 2317 20

183 2360 415 2430 moravi,
446 2360 766 2436 principem
794 2361 854 2418 in
885 2361 1109 2420 civitate
1131 2361 1330 2420 locum
1350 2361 1550 2420 studiis
1579 2359 1837 2419 civilibus
1867 2358 2190 2430 adsecutuS,

130 2475 161 2520 2
185 2459 284 2517 sed
332 2476 442 2516 avo
497 2460 832 2518 centurione
892 2458 1146 2532 Sullano,
1196 2469 1361 2537 patre
1417 2458 1720 2536 praetorio.
1829 2457 2191 2517 consulatum

184 2557 237 2614 ei
284 2551 704 2618 adceleraverat
752 2558 1066 2635 Augustus,
1116 2570 1180 2617 ut
1236 2558 1579 2617 Labeonem
1637 2556 1952 2615 Antistium
2008 2556 2194 2614 isdem

186 2655 394 2713 artibus
447 2656 890 2732 praecellentem
938 2658 1275 2734 dignatione
1327 2657 1451 2716 eius
1507 2656 1875 2732 magistratus
1934 2655 2192 2713 anteiret.

134 2770 165 2814 3
187 2772 432 2832 namque
473 2754 567 2814 illa
608 2766 767 2815 aetas
812 2757 929 2816 duo
973 2757 1136 2834 pacis
1181 2757 1397 2816 decora
1439 2756 1610 2814 simul
1652 2755 1815 2813 tulit:
1861 2754 1965 2813 sed
1992 2753 2193 2813 Labeo
2215 2778 2270 2827 25

188 2853 510 2929 incorrupta
562 2854 838 2927 libertate,
895 2865 954 2915 et
1008 2858 1088 2915 ob
1144 2855 1206 2914 id
1261 2854 1420 2914 fama
1475 2853 1831 2925 celebratior,
1891 2852 2192 2929 Capitonis

134 2964 169 3009 4
189 2952 521 3027 obsequium
550 2953 983 3012 dominantibus
1021 2955 1208 3030 magis
1245 2954 1616 3029 probabatur.
1702 2951 1796 3022 illi,
1828 2952 1988 3028 quod
2028 2970 2192 3027 prae-

190 3060 368 3108 turam
408 3050 556 3135 intra
596 3054 763 3122 stetit,
810 3052 1242 3112 commendatio
1286 3070 1360 3111 ex
1403 3051 1624 3122 iniuria,
1668 3050 1819 3122 huic,
1854 3049 2012 3126 quod
2053 3067 2190 3109 con·

192 3148 427 3206 sulatum
453 3150 694 3227 adeptus
723 3162 829 3223 est,
859 3151 1062 3210 odium
1090 3170 1165 3210 ex
1192 3150 1409 3210 invidia
1435 3151 1736 3210 oriebatur.

268 3252 364 3308 76.
432 3248 508 3307 Et
578 3249 747 3308 Iunia
807 3251 1216 3326 sexagensimo
1273 3259 1482 3326 quarto
1552 3257 1688 3326 post
1760 3245 2185 3324 Philippensem
2208 3272 2269 3320 30

195 3347 368 3405 aciem
408 3366 565 3406 anno
607 3366 943 3424 supremum
986 3348 1138 3407 diem
1183 3349 1450 3426 explevit,
1494 3346 1721 3407 Catone
1762 3346 2046 3404 avunculo
2087 3366 2187 3423 ge·

143 3452 173 3497 2
196 3445 319 3516 nita,
349 3444 413 3503 C.
444 3445 630 3505 Cassii
657 3465 823 3520 uxor,
843 3441 928 3505 M.
957 3446 1121 3505 Bruti
1151 3465 1331 3506 soror.
1416 3453 1827 3505 testamentum
1854 3444 1975 3504 eius
2002 3445 2185 3504 multo

197 3544 340 3620 apud
365 3544 597 3621 vulgum
638 3563 869 3605 rumore
899 3545 1017 3615 fuit,
1049 3545 1184 3622 quia
1215 3546 1274 3603 in
1320 3545 1548 3620 magnis
1579 3544 1804 3623 opibuS,
1834 3562 1967 3604 cum
2004 3542 2184 3604 ferme
