2594 3925
189 254 313 297 ω).
349 230 458 315 26.]
768 239 997 290 LIBER
1037 238 1135 290 JV.
1204 238 1356 288 cAP.
1389 230 1604 303 58-62.
2075 246 2184 302 199

184 400 561 471 inconsultae,
604 416 749 476 quas
791 396 1034 473 adpositi
1077 396 1343 455 custodes
1386 405 1655 472 exceptas
1700 404 2007 472 auctasque
2056 412 2191 453 cum

186 498 472 557 deferrent
520 514 706 573 neque
751 495 970 554 Neroni
1020 494 1321 553 defendere
1364 488 1627 565 daretur,'
1656 494 1906 552 diversae
1961 494 2191 569 insuper

130 605 164 652 2
188 596 629 655 sollicitudinum
676 594 893 654 formae
941 593 1279 652 oriebantur.
1363 610 1501 650 nam
1545 591 1683 650 alius
1726 608 2033 649 occursum
2073 592 2192 649 eius

186 694 375 765 vitare,
448 692 683 770 quidam
751 691 1082 750 salutatione
1150 690 1368 749 reddita
1431 690 1618 748 statim
1684 689 1871 760 averti,
1940 689 2195 766 plerique

186 793 482 868 inceptum
538 809 863 850 sermonem
929 791 1281 866 abrumpere,
1338 789 1723 847 insistentibus
1793 796 1993 846 contra
2059 788 2193 845 inri-
2216 812 2242 859 5

127 898 167 949 8
191 890 567 966 dentibusque
598 890 694 966 qui
732 889 940 948 Seiano
980 887 1225 947 fautores
1269 887 1525 946 aderant.
1608 886 1898 945 enimvero
1930 886 2192 944 Tiberius

191 998 382 1049 torvus
426 998 524 1046 aut
563 988 771 1045 falsum
811 986 1076 1044 renidens
1104 985 1293 1044 vultu:
1340 1003 1440 1044 seu
1479 986 1800 1061 loqueretur
1842 1001 1946 1042 seu
1985 993 2196 1043 taceret

133 1101 173 1148 4
192 1086 421 1157 iuveniS,
453 1085 669 1144 crimen
698 1103 771 1143 ex
809 1083 1045 1153 silentio,
1078 1102 1152 1141 ex
1180 1101 1340 1142 voce.
1424 1101 1498 1142 ne
1539 1102 1658 1142 nox
1701 1081 1935 1159 quidem
1976 1098 2193 1144 secura.

193 1203 325 1243 cum
377 1201 526 1242 uxor
580 1181 794 1257 vigilias
840 1198 1077 1240 somnos
1133 1181 1372 1257 suspiria
1426 1181 1590 1238 matri
1645 1179 1838 1239 Liviae
1891 1191 2059 1257 atque
2102 1179 2195 1238 illa

196 1281 406 1340 Seiano
461 1279 836 1357 patefaceret3
907 1278 1004 1354 qui
1065 1276 1293 1335 fratrem
1348 1296 1578 1355 quoque
1633 1277 1882 1338 Neronis
1938 1278 2194 1336 Drusum
2217 1302 2274 1338 10

192 1381 360 1439 traxit
402 1380 463 1436 in
505 1388 709 1455 parteS,
754 1395 855 1453 spe
896 1377 1120 1435 obiecta
1161 1376 1434 1452 principis
1480 1376 1611 1448 loci,
1651 1376 1699 1433 si
1730 1379 1979 1454 priorem
2013 1387 2195 1436 aetate

137 1494 172 1541 5
193 1487 248 1535 et
290 1478 407 1535 iam
446 1475 794 1534 labefactum
835 1474 1196 1534 demovisset.
1281 1481 1444 1533 atrox
1484 1472 1659 1533 Drusi
1699 1475 1994 1551 ingenium
2026 1492 2196 1553 super

194 1574 527 1652 cupidinem
569 1573 853 1650 potentiae
895 1581 951 1631 et
992 1571 1159 1631 solita
1198 1571 1461 1646 fratribus
1498 1572 1633 1631 odia
1667 1574 2084 1633 accendebatur
2110 1576 2196 1633 in-

136 1689 175 1737 6
193 1673 358 1743 vidia,
389 1671 548 1749 quod
590 1680 771 1730 mater
799 1671 1126 1747 Agrippina
1167 1670 1488 1746 promptior
1529 1669 1750 1731 Neroni
1790 1680 1929 1732 erat.
2010 1691 2197 1749 neque

192 1780 391 1831 tamen
437 1770 675 1829 Seianus
722 1770 800 1828 ita
846 1770 1100 1827 Drusum
1148 1768 1392 1840 fovebat,
1420 1774 1485 1826 'ut
1505 1827 1509 1830 ,
1528 1787 1648 1827 non
1688 1770 1747 1828 in
1776 1789 1927 1830 reum
1966 1789 2195 1848 quoque
2218 1794 2273 1844 15

197 1869 420 1929 semina
458 1868 628 1927 futuri
668 1868 820 1927 exitii
851 1868 1241 1940 meditaretur,
1284 1884 1501 1944 gnarus
1554 1868 1950 1946 praeferocem
2004 1878 2062 1929 et
2107 1870 2195 1928 in-

144 2030 148 2032 ,
199 1969 353 2028 sidiis
395 1968 579 2043 magis
622 1976 1029 2044 opportunum.

281 2074 373 2128 61.
416 2065 556 2125 Fine
610 2066 747 2126 anni
804 2083 1102 2125 excessere
1157 2064 1411 2142 insignes
1467 2065 1567 2125 viri
1623 2065 1860 2127 Asinius
1916 2066 2195 2145 Agrippa,

200 2165 367 2224 claris
422 2165 729 2223 maioribus
772 2183 949 2241 quam
988 2164 1220 2222 vetustis
1261 2164 1488 2241 vitaque
1536 2183 1658 2223 non
1713 2165 1978 2241 degener,
2020 2176 2078 2226 et
2121 2167 2196 2240 Q.

201 2263 488 2335 HateriuS,
544 2262 754 2321 familia
810 2262 1109 2333 senatoria,
1167 2260 1538 2338 eloquentiae,
1596 2262 1791 2338 quoad
1844 2263 1996 2335 vixit,
2054 2265 2199 2324 cele·
2219 2289 2278 2323 20

200 2362 422 2420 bratae:
491 2361 844 2419 monimenta
909 2360 1104 2436 ingeni
1158 2361 1279 2420 eius
1341 2358 1498 2418 haud
1567 2360 1803 2437 perinde
1870 2357 2197 2422 retinentur.

140 2475 177 2522 2
202 2459 414 2519 scilicet
443 2459 658 2535 impetu
698 2458 882 2535 magis
910 2476 1086 2535 quam
1116 2476 1251 2517 cura
1277 2458 1539 2537 vigebat3
1582 2468 1756 2535 utque
1799 2459 2037 2519 aliorum
2076 2479 2198 2519 me-

201 2558 397 2618 ditatio
445 2565 503 2617 et
540 2557 702 2615 labor
747 2557 811 2615 in
865 2566 1159 2633 posterum
1207 2556 1452 2628 valescit,
1505 2556 1588 2616 sic
1645 2556 1867 2616 Haterii
1921 2575 2199 2618 canorum

200 2655 335 2714 illud
361 2664 419 2715 et
444 2655 734 2732 profluens
763 2672 896 2713 cum
922 2655 1050 2730 ipso
1080 2654 1247 2712 simul
1274 2655 1592 2712 extinctum
1618 2666 1720 2715 est.

285 2760 385 2812 62.
429 2752 515 2813 Μ.
572 2753 795 2813 Licinio
849 2751 918 2813 L.
960 2751 1274 2828 Calpurnio
1328 2753 1658 2812 consulibus
1713 2754 2030 2830 ingentium
2078 2755 2196 2814 bel-
2218 2778 2274 2828 25
2308 2814 2309 2817 ,

198 2850 388 2922 νΙοιᾙιῑι
415 2850 637 2910 cladem
665 2849 1167 2927 aequavitmalum
1192 2850 1583 2927 inprovisum:
1627 2852 1746 2910 eius
1783 2853 2006 2911 initium
2034 2853 2200 2911 simul
2240 2874 2245 2879 ·

146 2963 181 3009 2
198 2959 261 3019 ..et
305 2949 433 3009 finis
477 2950 708 3009 exstitit.
791 2967 928 3007 nam
977 2958 1184 3025 coepto
1230 2948 1388 3026 apud
1444 2948 1724 3008 Fidenam
1780 2950 2198 3028 amphitheatro

206 3049 407 3107 Atilius
435 3048 670 3125 quidam
696 3047 936 3109 libertini
964 3048 1206 3131 generiS,
1239 3065 1358 3125 quo
1402 3048 1796 3124 spectaculum
1823 3048 2202 3124 gladiatorum

208 3147 527 3232 celebraret,
573 3165 761 3223 neque
816 3145 1190 3205 fundamenta
1244 3165 1350 3222 per
1404 3144 1650 3206 solidum
1705 3147 1971 3217 subdidit,
2016 3166 2202 3224 neque

208 3244 380 3302 firmis
419 3244 668 3303 vnexibus
717 3245 968 3320 ligneam
1016 3262 1368 3320 compagem
1412 3245 1799 3320 superstruxit,
1836 3253 1900 3301 ut
1940 3245 2039 3320 qui
2080 3264 2202 3305 non
2219 3271 2283 3318 30

211 3341 558 3400 abundantia
599 3342 875 3418 pecuniae
917 3360 1025 3400 nec
1073 3341 1400 3418 municipali
1448 3341 1773 3414 ambitione,
1821 3341 1922 3400 sed
1964 3342 2025 3399 in
2080 3361 2202 3402 sor-

154 3448 187 3496 3
215 3439 405 3497 didam
447 3439 774 3498 mercedem
816 3438 874 3496 id
916 3439 1212 3514 negotium
1254 3439 1638 3515 quaesivisset.
1722 3438 2014 3498 adfluxere
2052 3441 2202 3500 avidi

218 3535 419 3606 talium,
463 3536 825 3613 imperitante
860 3535 1099 3595 Tiberio
1148 3535 1353 3614 procul
1394 3535 1773 3612 voluptatibus
1814 3535 2007 3610 habiti,
2049 3537 2202 3598 virile
