2594 3925
198 254 322 295 ΑΛ).
353 233 460 318 ι4.]
867 244 1100 294 LIBER
1145 244 1187 295 t.
1264 242 1416 293 CAR
1463 238 1639 294 8-10.
2135 252 2208 308 49

141 415 172 461 3
196 407 419 467 viciens
467 413 699 482 partum
739 403 964 480 aliaque
1009 402 1302 461 honorum
1344 400 1717 477 multiplicata
1759 411 1857 461 aut
1899 419 2068 460 nova.
2153 409 2212 460 at

141 516 175 561 4
197 505 359 581 apud
394 503 708 580 prudentes
740 502 856 560 vita
894 501 1017 558 eius
1044 500 1196 557 varie
1225 498 1602 558 extollebatur
1635 500 2064 576 arguebaturve.
2150 498 2211 555 hi

195 603 420 678 pietate
461 619 600 677 erga
640 607 941 675 parentem
978 608 1034 656 et
1078 596 1501 655 necessitudine
1542 597 1626 654 rei
1668 597 1949 672 publicae,
1992 597 2052 654 in
2096 614 2211 673 qua

196 700 392 759 nullus
429 709 571 757 tunc
605 697 828 773 legibus
863 696 1042 765 locuS,
1073 695 1148 753 ad
1186 712 1346 753 arma
1378 692 1558 753 civilia
1592 703 1801 765 actum,
1831 713 1980 771 quae
2018 713 2208 771 neque

195 798 390 873 parari
438 803 678 872 possent
726 811 914 869 neque
957 793 1154 851 haberi
1202 811 1308 868 per
1358 794 1546 851 bonas
1600 802 1766 852 arteS.
1864 793 2045 852 multa
2088 792 2212 850 An·
2235 817 2261 864 5

195 895 383 965 tonio,
433 894 577 952 dum
633 891 1023 951 interfectores
1076 892 1251 968 patris
1307 891 1689 961 ulcisceretur,
1745 891 1926 950 multa
1982 890 2211 968 Lepido

136 1006 171 1054 5
196 993 575 1053 concessisse.
659 999 974 1067 postquam
1023 990 1116 1049 hic
1166 989 1432 1049 socordia
1483 990 1747 1061 senuerit,
1791 990 1885 1048 ille
1930 1007 2038 1066 per
2083 990 2210 1048 libi-

197 1091 372 1149 dines
415 1109 649 1167 pessum
702 1089 870 1149 datus
916 1089 1006 1160 sit,
1052 1107 1175 1148 non
1223 1088 1378 1146 aliud
1427 1088 1808 1148 discordantis
1852 1089 2071 1165 patriae
2120 1106 2210 1147 re-

137 1198 176 1245 6
198 1190 464 1248 medium
490 1189 661 1248 fuisse
690 1206 868 1265 quam
897 1193 961 1244 ut
986 1189 1061 1245 ab
1089 1205 1210 1246 uno
1237 1197 1545 1264 regeretur.
1630 1187 1772 1247 Non
1799 1206 1983 1265 regno
2017 1197 2212 1245 tamen

198 1306 396 1365 neque
441 1287 736 1358 dictatura,
774 1284 881 1345 sed
912 1286 1185 1362 principis
1222 1286 1458 1345 nomine
1496 1287 1869 1346 constitutam
1903 1303 2027 1345 rem
2060 1286 2208 1361 pub-
2233 1308 2293 1342 10

200 1387 376 1446 licam
390 1404 408 1458 3
456 1387 598 1444 mari
649 1384 892 1444 Oceano
942 1394 1038 1441 aut
1089 1384 1358 1442 amnibus
1413 1383 1743 1461 longinquis
1791 1394 2054 1461 saeptum
2105 1384 2210 1440 im·

199 1483 429 1558 perium
448 1502 467 1555 3
512 1483 788 1559 legiones,
810 1481 1157 1558 provinciaS‚
1186 1480 1417 1550 classes,
1448 1490 1659 1539 cuncta
1685 1482 1832 1540 inter
1862 1499 1924 1541 se
1953 1500 2175 1541 conexa
2191 1499 2210 1553 3

200 1582 292 1639 ius
332 1579 492 1656 apud
530 1581 697 1652 cives,
727 1578 1075 1638 modestiam
1109 1578 1267 1653 apud
1304 1578 1533 1649 socios3
1577 1578 1779 1636 urbem
1817 1580 2005 1655 ipsam
2037 1601 2204 1658 mag·

200 1679 378 1738 nifico
414 1689 652 1750 ornatu;
697 1697 881 1755 pauca
914 1676 1233 1736 admodum
1267 1676 1323 1732 vi
1362 1684 1615 1747 tractata,
1651 1693 1771 1752 quo
1810 1679 2012 1736 ceteris
2051 1681 2211 1756 quies

202 1788 375 1835 esset.
1439 1781 1444 1785 ’
2233 1800 2288 1850 15

286 1883 386 1935 10.
430 1875 746 1935 Dicebatur
774 1885 1012 1935 contra:
1057 1874 1331 1952 pietatem
1363 1891 1502 1950 erga
1529 1882 1829 1950 parentem
1862 1883 1920 1934 et
1945 1883 2209 1952 tempora

201 1976 285 2035 rei
330 1976 596 2051 publicae
640 1976 898 2035 obtentui
943 1984 1210 2051 sumpta:
1253 1983 1510 2033 ceterum
1558 1973 1827 2050 cupidine
1870 1973 2212 2035 dominandi

204 2074 472 2132 concitos
510 2092 613 2149 per
653 2074 1016 2149 largitionem
1057 2083 1375 2144 veteranos»,
1418 2081 1682 2149 paratum
1724 2072 1800 2129 ab
1842 2071 2210 2133 adulescente

203 2171 430 2245 privato
485 2173 817 2243 exercitum,
874 2180 1175 2247 corruptas
1232 2171 1484 2230 consulis
1538 2171 1819 2247 legioneS,
1878 2171 2208 2231 simulatam

98 2333 113 2339 ,
205 2267 693 2345 Pompeianarum
740 2271 983 2347 gratiam
1026 2270 1310 2345 partium3
1361 2287 1502 2327 mox
1550 2269 1649 2327 ubi
1698 2268 1934 2327 decreto
1982 2279 2211 2345 patrum
2233 2294 2294 2328 20

202 2365 395 2426 fasces
431 2377 489 2426 et
530 2368 615 2426 ius
654 2368 930 2445 praetoris
967 2368 1250 2439 invaserit,
1290 2369 1472 2427 caesis
1507 2368 1701 2426 Hirtio
1736 2378 1792 2425 et
1835 2367 2045 2440 Pansa,
2096 2371 2213 2428 sive

204 2466 390 2525 hostis
419 2466 563 2538 illos,
595 2484 696 2525 seu
724 2467 976 2525 Pansam
1003 2485 1293 2525 venenum
1321 2465 1535 2524 vulneri
1569 2465 1851 2537 adfusum,
1881 2467 1971 2525 sui
2003 2467 2213 2527 milites

208 2563 466 2623 Hirtium
527 2575 584 2624 et
645 2564 1005 2624 machinator
1067 2564 1187 2623 doli
1249 2563 1468 2623 Caesar
1529 2563 1855 2635 abstulerat,
1918 2566 2213 2642 utriusque

205 2664 407 2739 copias
449 2664 858 2739 occupavisse;
903 2672 1197 2722 extortum
1238 2663 1416 2722 invito
1458 2674 1662 2726 senatu
1702 2663 2083 2734 consulatum,
2123 2683 2212 2723 ar-

202 2778 420 2837 maque
466 2759 625 2837 'quae
674 2762 736 2819 in
782 2761 1102 2819 Antonium
1158 2762 1444 2837 acceperit
1500 2772 1701 2821 contra
1743 2779 1869 2822 rem
1915 2764 2209 2840 publicam
2231 2788 2254 2821 2
2262 2789 2287 2836 5

203 2876 404 2927 versa;
454 2859 934 2935 proscriptionem
981 2858 1206 2932 civium,
1253 2860 1563 2927 divisiones
1612 2879 1884 2938 agrorum
1940 2880 2016 2922 ne
2072 2862 2211 2938 ipsis

145 2971 183 3018 2
205 2955 442 3030 quidem
483 2958 581 3032 qui
624 2956 809 3017 fecere
856 2955 1132 3015 laudatas·
1218 2975 1360 3016 sane
1403 2956 1591 3017 Cassii
1632 2969 1688 3017 et
1731 2958 2044 3018 Brutorum
2085 2960 2209 3017 exi-

204 3064 298 3112 tus
337 3055 592 3130 paternis
628 3055 937 3114 inimicitiis
974 3054 1159 3125 datoS,
1190 3073 1547 3133 quamquam
1590 3056 1678 3116 fas
1714 3058 1785 3116 sit
1821 3057 2038 3133 privata
2077 3057 2212 3117 odia

203 3151 449 3227 publicis
480 3152 811 3212 utilitatibus
848 3152 1170 3212 remittere:
1217 3154 1321 3212 sed
1360 3154 1705 3231 Pompeium
1739 3156 1992 3232 imagine
2029 3157 2209 3231 pacis»,

204 3249 309 3307 sed
365 3248 656 3326 Lepidum
711 3252 902 3328 specie
952 3250 1235 3310 amicitiae
1292 3252 1608 3329 deceptos;
1672 3263 1808 3332 post
1865 3253 2207 3325 Antonium,
2229 3277 2289 3326 30

204 3345 521 3405 Tarentino
557 3346 1022 3426 Brundisinoque
1056 3350 1292 3410 foedere
1327 3360 1385 3410 et
1425 3351 1636 3427 nuptiis
1669 3351 1881 3410 sororis
1918 3350 2207 3422 inlectum,

144 3461 179 3509 8
205 3444 489 3503 subdolae
538 3445 848 3506 adfinitatis
897 3465 1118 3524 poenas
1167 3457 1355 3507 morte
1409 3449 1736 3508 exsolvisse.
1819 3466 2027 3524 pacem
2066 3449 2208 3513 sine

205 3541 383 3604 dubio
433 3553 568 3619 post
616 3544 777 3621 haec,
821 3565 1020 3608 verum
1075 3555 1414 3607 cruentam:
1473 3547 1765 3607 Lollianas
1809 3546 2208 3625 Varianasque

1189 3663 1229 3704 n
