2594 3925
400 224 424 262 1
440 220 510 273 24
847 208 1214 259 CORNELII
1255 208 1345 257 TA
1356 208 1517 257 CJTJ
1549 207 1970 257 ANNALJUM
2047 194 2259 278 [nuc.
2287 219 2396 272 772.

394 367 740 444 repetivisse.
814 366 984 426 simul
1012 365 1340 431 Domitium
1369 365 1687 442 inpositum
1719 365 1935 425 triremi
1961 366 2136 425 vitare
2162 366 2400 425 litorum
2421 379 2453 425 2

395 484 558 524 oram
596 476 932 542 praeterque
979 466 1194 524 insulas
1239 466 1355 523 lato
1402 464 1549 523 mari
1588 483 1826 541 pergere
1864 465 1926 521 in
1962 464 2188 523 Suriam
2227 465 2399 524 iubet.

395 573 798 623 concurrentes
841 563 1163 623 desertores
1201 582 1307 639 per
1339 562 1666 639 manipulos
1706 564 2003 638 conponit,
2034 572 2221 622 armat
2257 564 2401 622 lixas
2424 575 2454 620 3

394 662 757 738 traiectisque
784 662 847 720 in
875 662 1273 721 continentem
1308 661 1549 719 navibus
1586 660 1858 719 vexillum
1894 661 2149 719 tironum
2190 661 2255 718 in
2297 660 2402 719 Su-

345 785 372 832 5
394 761 538 818 riam
565 762 822 819 euntium
852 760 1152 837 intercipit,
1181 759 1392 837 regulis
1422 758 1668 818 Cilicum
1706 768 1771 817 ut
1798 777 1861 817 se
1890 759 2114 817 auxiliis
2143 758 2403 817 iuvarent

399 859 607 929 scribit,
637 859 793 918 haud
819 859 1030 935 ignavo
1066 858 1140 916 ad
1179 857 1498 916 ministeria
1530 857 1664 915 belli
1698 858 1903 915 iuvene
1931 856 2164 929 Pisone,
2194 875 2401 934 quam-

398 976 574 1035 quam
603 957 1030 1035 suscipiendum
1060 956 1275 1015 bellum
1303 956 1612 1015 abnuisset.

388 1046 416 1094 (
479 1064 583 1117 79.
627 1056 808 1131 Igitur
836 1073 1000 1114 oram
1028 1054 1239 1131 Lyciae
1268 1072 1338 1112 ac
1367 1053 1741 1131 Pamphyliae
1771 1053 2187 1131 praelegenteS‚
2218 1054 2402 1114 obviis

400 1155 639 1212 navibus
689 1171 837 1229 quae
879 1152 1265 1229 Agrippinam
1306 1151 1606 1223 vehebant,
1650 1152 1937 1229 utrimque
1983 1151 2192 1211 infensi
2243 1171 2403 1211 arma

325 1276 383 1309 10
401 1252 590 1328 primo
633 1250 966 1336 expediere:
1013 1251 1149 1309 dein
1191 1259 1392 1308 mutua
1436 1250 1742 1308 formidine
1791 1268 1913 1308 non
1962 1250 2108 1308 ultra
2153 1250 2402 1326 iurgium

400 1366 738 1426 processum
767 1358 870 1419 est,
900 1347 1242 1425 Marsusque
1259 1348 1467 1406 Vibius
1504 1348 1786 1407 nuntiavit
1814 1347 2012 1407 Pisoni
2040 1347 2304 1407 Romam
2330 1348 2403 1407 ad

402 1445 708 1505 dicendam
738 1464 976 1504 causam
1004 1446 1237 1505 veniret.
1324 1446 1417 1505 ille
1446 1405 1685 1505 eludens
1723 1446 2023 1523 respondit
2056 1446 2401 1517 adfutumm‚
2424 1452 2453 1497 2

400 1545 500 1603 ubi
548 1554 792 1620 praetor,
836 1545 936 1620 qui
987 1545 1060 1603 de
1100 1544 1393 1603 veneficiis
1417 1555 1750 1620 quaereret,
1795 1562 1896 1602 reo
1943 1553 2115 1620 atque
2164 1562 2401 1603 accusa-

403 1643 622 1701 toribus
669 1642 823 1700 diem
865 1642 1230 1718 prodixisset.
1314 1643 1541 1700 interim
1587 1642 1880 1701 Domitius
1924 1641 2271 1701 Laodiciam
2313 1662 2401 1702 ur·
2424 1651 2454 1696 3

328 1764 383 1813 15
404 1743 541 1799 bem
592 1739 789 1799 Suriae
837 1741 1128 1817 adpulsu8,
1173 1759 1307 1799 cum
1344 1740 1586 1800 hiberna
1631 1748 1826 1799 sextae
1873 1740 2122 1817 legionis
2168 1750 2400 1818 peteret,

403 1838 560 1915 quod
588 1856 720 1897 eam
749 1840 1002 1897 maxime
1031 1840 1197 1897 novis
1225 1839 1481 1897 consiliis
1511 1838 1782 1898 idoneam
1809 1840 2054 1910 rebatur,
2084 1858 2121 1897 a
2147 1838 2400 1898 Pacuvio

402 1938 590 2015 legato
629 1938 1003 2015 praevenitur.
1086 1938 1146 1996 id
1191 1936 1420 1997 Sentius
1457 1937 1656 1997 Pisoni
1690 1957 1793 2014 per
1827 1938 2016 1997 literas
2049 1937 2236 2014 aperit
2275 1956 2399 1996 mo·
2422 1946 2456 1991 4

403 2046 617 2113 netque
644 2056 719 2095 ne
753 2047 938 2096 castra
975 2037 1421 2113 corruptoribuS,
1450 2055 1524 2095 ne
1561 2037 1917 2113 provinciam
1954 2036 2107 2096 bello
2140 2046 2399 2114 temptet.

404 2153 665 2212 quosque
695 2134 1028 2194 Germanici
1059 2153 1347 2194 memores
1390 2145 1489 2193 aut
1528 2135 1774 2194 inimicis
1807 2135 1929 2194 eius
1958 2135 2229 2194 adversos
2258 2154 2396 2211 cog·
2424 2142 2454 2188 5

330 2258 388 2292 20
405 2243 658 2303 noverat,
703 2233 1002 2304 contrahit,
1044 2232 1502 2308 magnitudinem
1548 2233 1911 2310 imperatoris
1957 2232 2276 2292 identidem
2317 2235 2401 2292 in-

403 2351 612 2409 gerens
641 2341 697 2390 et
724 2349 846 2390 rem
875 2332 1168 2408 publicam
1195 2331 1372 2390 armis
1398 2332 1554 2407 peti3
1595 2332 1867 2408 ducitque
1884 2330 2133 2391 validam
2161 2350 2402 2391 manum

407 2441 463 2488 et
489 2430 708 2506 proelio
736 2440 1013 2506 paratam.

370 2607 382 2610 Δ
490 2535 597 2588 80.
641 2529 767 2587 Nec
812 2528 963 2601 Piso,
1007 2547 1360 2606 quamquam
1402 2538 1609 2605 coepta
1658 2547 1823 2589 secus
1864 2528 2167 2602 cadebant,
2213 2529 2406 2589 omisit

407 2627 690 2686 tutissima
742 2645 775 2684 e
833 2629 1245 2703 praesentibuS,
1306 2627 1408 2686 sed
1462 2628 1761 2687 castellum
1819 2627 2057 2687 Ciliciae
2114 2630 2405 2686 munitum

332 2749 388 2800 25
409 2724 740 2795 admodum,
793 2725 886 2782 cui
933 2744 1151 2784 nomen
1200 2723 1552 2796 CelenderiS‚
1599 2734 1884 2801 occupat3
1942 2743 2082 2783 nam
2132 2725 2404 2784 admixtis
2427 2737 2456 2782 2

409 2823 788 2884 desertoribus
831 2832 888 2881 et
921 2825 1104 2882 tirone
1147 2841 1331 2899 nuper
1364 2823 1684 2899 intercepto
1729 2823 1959 2899 suisque
1996 2832 2054 2881 et
2090 2821 2405 2881 Plancinae

409 2923 644 2982 servitiis
686 2921 896 2979 auxilia
938 2921 1198 2993 Cilicum,
1242 2940 1390 2998 quae
1432 2921 1618 2998 reguli
1660 2921 1952 2992 miserant,
1995 2921 2057 2977 in
2098 2939 2404 2979 numerum

407 3021 653 3098 legionis
709 3030 1128 3096 composuerat.
1224 3019 1603 3095 Caesarisque
1660 3038 1721 3078 se
1781 3020 2037 3096 legatum
2090 3020 2404 3078 testabatur
2428 3029 2457 3074 3

409 3119 720 3198 provincia,
751 3135 928 3193 quam
971 3119 1017 3175 is
1059 3119 1328 3189 dedisset,
1365 3119 1559 3189 arceri,
1589 3136 1708 3177 non
1749 3136 1785 3175 a
1823 3117 2148 3193 legionibus
2183 3114 2404 3194 (earum

332 3244 394 3292 30
411 3219 625 3297 quippe
669 3217 855 3276 accitu
903 3213 1138 3294 venire),
1183 3217 1287 3275 sed
1338 3235 1372 3274 a
1436 3215 1635 3275 Sentio
1677 3216 1961 3291 privatum
2006 3215 2205 3274 odium
2251 3215 2403 3273 falsis

411 3316 744 3376 criminibus
801 3323 1048 3391 tegente.
1136 3315 1515 3373 consisterent
1576 3314 1637 3371 in
1693 3314 1833 3384 acie,
1889 3331 2014 3386 non
2067 3314 2403 3389 pugnaturis
2425 3324 2458 3368 4

410 3414 697 3485 militibus,
746 3413 846 3470 ubi
891 3412 1165 3470 Pisonem
1211 3413 1285 3470 ab
1330 3413 1470 3489 ipsis
1518 3420 1818 3488 parentem
1860 3410 2157 3487 quondam
2205 3410 2402 3486 appel-

413 3514 606 3581 latum,
658 3511 706 3569 si
752 3498 870 3568 iure
920 3520 1198 3587 ageretur,
1242 3512 1546 3586 potiorem,
1591 3511 1639 3567 si
1684 3510 1874 3581 armiS,
1918 3528 2041 3568 non
2090 3508 2400 3567 invalidum
