2594 3925
383 246 490 285 122
826 234 1194 284 CORNELII
1237 234 1498 282 TACJTJ
1529 234 1953 284 ANNALJUM
2025 223 2235 306 [auc.
2264 245 2387 297 772·

375 394 619 451 moriam
652 394 916 451 virtutum
948 394 1071 452 eius
1104 394 1327 452 celebre
1361 393 1480 452 fuit.
1564 402 1622 451 et
1658 402 1819 451 erant
1852 392 1950 469 qui
1984 392 2247 463 formam,
2278 410 2384 451 ae·
2412 400 2448 445 2

379 500 570 563 tatem,
613 510 796 567 genus
842 493 1056 564 mortiS,
1099 494 1176 551 ob
1225 491 1716 568 propinquitatem
1765 491 1940 549 etiam
1989 490 2269 561 locorum,
2315 491 2385 547 in

375 590 582 665 quibus
638 590 859 662 interiit,
916 592 1114 667 magni
1169 589 1481 649 Alexandri
1536 588 1667 647 fatis
1735 589 2137 665 adaequarent.
2236 606 2384 646 nam
2412 600 2447 645 3

375 696 678 763 utrumque
719 706 959 764 corpore
1000 689 1230 759 decoro,
1275 706 1488 762 genere
1531 687 1759 762 insigni,
1794 686 1949 745 haud
1991 687 2235 744 multum
2278 687 2383 744 tri-

324 809 348 855 5
375 786 532 860 ginta
573 803 759 845 annos
801 804 1111 862 egressum,
1149 803 1386 844 suorum
1430 785 1650 843 insidiis
1692 794 1959 843 externas
1993 786 2138 843 inter
2170 795 2384 860 gentes

375 884 687 941 occidisse:
737 884 839 941 sed
886 882 1041 941 hunc
1097 884 1299 942 mitem
1347 901 1485 959 erga
1539 882 1773 954 amiCOS,
1822 884 2120 941 modicum
2174 883 2383 958 volup-

376 990 573 1051 tatum,
621 998 742 1040 uno
790 981 1176 1053 matrimonio,
1226 981 1397 1040 certis
1446 981 1636 1039 liberis
1684 980 1890 1057 egisse,
1940 999 2128 1056 neque
2184 981 2382 1037 minus

376 1080 793 1154 proeliatorem,
843 1080 1017 1137 etiam
1060 1080 1121 1137 ‘si
1168 1078 1459 1137 temeritas
1515 1078 1716 1136 afuerit
1771 1078 2248 1154 praepeditusque
2306 1078 2384 1136 sit

375 1178 666 1252 perculsas
708 1185 792 1235 tot
832 1176 1080 1235 victoriis
1124 1175 1469 1235 Germanias
1512 1175 1738 1234 servitio
1772 1193 2047 1251 premere.
2129 1175 2294 1251 quod
2330 1175 2383 1233 si
2407 1183 2446 1227 4

308 1299 362 1334 ιο
378 1275 532 1334 solus
581 1275 788 1333 arbiter
830 1293 1038 1346 rerum,
1089 1275 1189 1370 si
1187 1274 1316 1364 iure
1354 1285 1410 1333 et
1460 1274 1697 1333 nomine
1745 1275 1907 1349 regio
1955 1273 2170 1344 fuisset,
2214 1283 2385 1331 tanto

377 1373 701 1449 promptius
730 1372 1134 1431 adsecuturum
1138 1347 1420 1464 gloriam
1460 1371 1710 1441 militiae,
1741 1368 2023 1448 quantum
2051 1370 2383 1441 clementia,

378 1471 773 1545 temperantia,
803 1470 1004 1529 ceteris
1044 1470 1216 1528 bonis
1251 1470 1466 1528 artibus
1499 1469 1887 1544 praestitisset.
1972 1486 2185 1543 corpus
2213 1478 2442 1526 ante-5

379 1586 557 1646 quam
594 1578 942 1628 cremaretur
979 1568 1257 1626 nudatum
1300 1568 1359 1624 in
1394 1567 1522 1625 foro
1552 1566 2051 1637 Antiochensium,
2082 1567 2180 1643 qui
2215 1566 2385 1625 locus

379 1667 700 1743 sepulturae
744 1666 1150 1737 destinabatur,
1194 1665 1598 1740 praetuleritne
1645 1664 1906 1724 veneficii
1948 1665 2127 1740 signa,
2171 1682 2384 1740 parum

308 1792 362 1839 15
382 1766 674 1837 constitit3
719 1782 859 1822 nam
890 1774 953 1822 ut
981 1765 1109 1840 quis
1145 1763 1542 1822 misericordia
1575 1763 1634 1819 in
1673 1762 2088 1821 Germanicum
2124 1771 2184 1820 et
2210 1781 2384 1838 prae·
2409 1777 2446 1821 6

380 1873 609 1941 sumpta
657 1863 988 1938 suspicione
1035 1870 1132 1920 aut
1186 1861 1381 1920 favore
1435 1862 1497 1918 in
1536 1860 1821 1919 Pisonem
1870 1862 2125 1937 pronior,
2174 1860 2387 1919 diversi

381 1962 914 2038 interpretabantur.

459 2069 560 2123 74„
599 2059 1007 2119 Consultatum
1040 2057 1176 2116 inde
1208 2059 1357 2116 inter
1394 2057 1620 2134 legatos
1661 2058 1873 2134 quique
1915 2057 2006 2116 alii
2048 2067 2387 2118 senatorum

289 2192 294 2196 ·
381 2162 640 2232 aderant,
689 2159 958 2235 quisnam
1013 2156 1211 2215 Suriae
1266 2157 1687 2232 praeficeretur.
1772 2166 1829 2213 et
1884 2156 2085 2214 ceteris
2149 2157 2388 2215 modice

306 2286 366 2319 20
383 2260 538 2330 nisiS‚
573 2259 718 2315 inter
758 2257 999 2314 Vibium
1033 2253 1297 2314 Marsum
1340 2264 1397 2312 et
1439 2252 1549 2312 Cn.
1581 2252 1842 2312 Sentium
1884 2253 1981 2311 diu
2023 2255 2384 2329 quaesitum:

386 2360 518 2418 dein
573 2356 803 2414 Marsus
861 2353 1072 2413 seniori
1133 2363 1189 2411 et
1243 2353 1431 2411 acrius
1486 2352 1747 2410 tendenti
1808 2350 2008 2409 Sentio
2073 2353 2383 2411 concessit.

384 2459 545 2533 isque
586 2454 864 2512 infamem
904 2451 1194 2511 veneficiis
1241 2469 1311 2508 ea
1352 2451 1413 2507 in
1459 2450 1756 2526 provincia
1802 2459 1859 2507 et
1898 2449 2210 2508 Plancinae
2251 2469 2388 2526 per-
2415 2464 2451 2509 2

385 2572 597 2622 caram,
653 2551 893 2609 nomine
956 2549 1286 2617 Martinam,
1346 2548 1406 2605 in
1465 2548 1671 2605 urbem
1727 2547 1897 2618 misit,
1956 2547 2388 2622 postulantibus

384 2652 617 2711 Vitellio
660 2668 728 2708 ac
770 2648 1025 2707 Veranio
1066 2647 1384 2723 ceterisque
1426 2647 1524 2722 qui
1566 2646 1803 2704 crimina
1855 2654 1911 2704 et
1951 2646 2390 2705 accusationem

308 2779 332 2813 2
339 2777 365 2826 5
382 2764 681 2827 tamquam
709 2748 980 2806 adversus
1005 2754 1273 2822 receptos
1300 2745 1418 2803 iam
1444 2761 1575 2801 reos
1603 2743 1976 2802 instruebant.

466 2858 570 2912 75.
614 2847 694 2905 At
741 2846 1078 2922 Agrippina,
1129 2860 1486 2920 quamquam
1542 2841 1768 2900 defessa
1817 2841 1974 2899 luctu
2029 2850 2084 2899 et
2140 2860 2391 2919 corpore

388 2967 580 3026 aegro,
610 2946 872 3004 omnium
904 2955 1103 3003 tamen
1137 2961 1287 3020 quae
1330 2941 1611 3000 ultionem
1652 2949 2011 2998 morarentur
2051 2939 2387 3011 intoleranS,

387 3045 648 3107 ascendit
689 3043 934 3102 classem
967 3060 1102 3100 cum
1144 3041 1430 3100 cineribus
1475 3038 1809 3097 Germanici
1854 3048 1912 3096 et
1958 3037 2166 3108 liberiS,
2213 3039 2390 3098 mise-

386 3145 643 3205 rantibus
693 3142 929 3212 cunctis‚
973 3140 1131 3216 quod
1180 3139 1398 3197 femina
1446 3138 1743 3195 nobilitate
1788 3137 2075 3212 princepS‚
2120 3137 2391 3211 pulcher-

311 3270 373 3318 30
389 3247 536 3302 rimo
581 3240 763 3299 modo
807 3239 1175 3298 matrimonio
1218 3239 1364 3295 inter
1396 3236 1721 3294 venerantis
1765 3234 2160 3310 gratantisque
2206 3236 2395 3311 aspici

391 3343 577 3411 solita,
635 3350 773 3397 tunc
843 3337 1033 3395 feralis
1091 3335 1360 3411 reliquias
1422 3335 1553 3393 sinu
1611 3333 1796 3404 ferret,
1855 3332 2074 3390 incerta
2135 3332 2394 3404 ultioniS,

392 3441 564 3498 anxia
619 3439 706 3497 sui
762 3445 820 3495 et
873 3435 1084 3494 infelici
1140 3432 1488 3492 fecunditate
1536 3432 1796 3492 fortunae
1844 3431 2055 3490 totiens
2102 3416 2394 3497 obnoxia.

395 3538 670 3596 Pisonem
720 3534 948 3592 interim
1003 3531 1160 3607 apud
1214 3529 1408 3588 Coum
1466 3530 1713 3588 insulam
1769 3529 2001 3586 nuntius
2057 3528 2395 3603 adsequitur
2422 3543 2457 3587 2

1607 3658 1632 3667 κ
