2594 3925
322 181 398 251 46
754 182 1114 234 CORNELII
1154 185 1242 233 TA
1254 183 1418 232 σιτ]
1453 178 1875 234 ANNALJUM
1963 165 2043 256 [A.
2057 190 2176 236 uc.
2211 185 2336 248 767·

321 328 492 420 quod
510 343 840 401 Maximum
872 344 1038 402 uxori
1065 343 1321 402 Marciae
1361 343 1671 420 aperuisse,
1699 343 1854 403 illam
1884 344 2096 404 Liviae.
2181 361 2334 420 gna-
2367 362 2411 407 4

322 460 451 501 rum
477 442 538 500 id
565 441 799 500 Caesari
822 462 842 514 3
884 460 1073 518 neque
1101 442 1282 501 multo
1322 451 1455 520 post
1484 442 1739 502 extincto
1769 442 2052 517 Maximo,
2084 443 2333 502 dubium

324 560 400 599 an
441 541 700 616 quaesita
734 549 945 611 morte,
987 539 1216 599 auditos
1257 542 1322 599 in
1362 540 1564 600 funere
1609 543 1730 601 eius
1773 541 2033 602 Marciae
2076 541 2332 618 gemitus

324 649 506 698 semet
533 639 864 709 incusantis,
899 638 1061 715 quod
1089 657 1265 698 causa
1292 640 1452 698 exitii
1478 641 1698 709 marito¹
1716 641 1930 700 fuisset.
2010 651 2331 715 utcumque
2366 646 2408 692 5

271 764 297 810 5
323 757 385 798 se
425 757 496 796 ea
535 756 625 796 res
670 735 884 809 habuit,
924 737 1161 795 vixdum
1205 738 1502 813 ingressus
1543 738 1832 815 Illyricum
1872 740 2144 800 Tiberius
2186 755 2332 815 pro-

323 837 472 914 peris
510 837 707 894 matris
749 836 921 895 literis
961 837 1178 895 accitur
1202 857 1222 909 3
1265 854 1455 912 neque
1498 838 1632 896 satis
1675 849 2018 915 conpertum
2060 847 2165 910 est,
2208 837 2333 913 spi-

323 946 550 994 rantem
583 934 775 993 adhuc
813 934 1141 1010 Augustum
1179 936 1336 1011 apud
1373 937 1576 995 urbem
1616 935 1835 995 Nolam
1877 956 1955 995 an
1995 936 2331 995 exanimem

321 1034 650 1112 reppererit.
734 1033 962 1091 acribus
992 1051 1243 1109 namque
1273 1035 1548 1093 custodiis
1576 1035 1821 1093 domum
1855 1036 2063 1094 etvias
2091 1051 2332 1110 saepse-
2361 1041 2408 1087 6

322 1143 407 1192 rat
447 1133 622 1202 Livia,
665 1132 910 1206 laetique
951 1131 1242 1189 interdum
1284 1132 1470 1217 nuntii
1509 1133 1907 1208 vulgabantur,
1952 1134 2142 1192 donec
2185 1151 2330 1208 pro-

249 1256 307 1291 ιο
323 1232 455 1290 visis
502 1249 652 1307 quae
702 1240 929 1306 tempus
979 1231 1258 1288 monebat
1310 1216 1486 1289 simul
1529 1231 1847 1290 excessisse
1898 1231 2229 1309 Augustum
2269 1240 2335 1290 et

321 1349 515 1390 rerum
556 1328 728 1405 potiri
771 1327 1070 1386 Neronem
1112 1327 1268 1386 fama
1310 1328 1517 1387 eadem
1558 1329 1697 1389 tulit.

406 1436 466 1488 6.
511 1428 770 1487 Primum
798 1427 1019 1485 facinus
1058 1428 1192 1485 novi
1226 1427 1583 1504 principatus
1611 1428 1713 1486 fuit
1741 1429 2003 1489 Postumi
2030 1429 2334 1506 Agrippae

322 1528 550 1597 caedeS,
580 1544 756 1602 quem
788 1527 1056 1601 ignarum
1088 1526 1493 1602 inermumque
1528 1527 1793 1603 quamvis
1830 1528 2089 1585 firmatus
2130 1528 2334 1586 animo

324 1627 581 1688 centurio
624 1644 792 1702 aegre
832 1625 1098 1684 confecit.
1182 1625 1320 1683 nihil
1358 1625 1431 1683 de
1470 1643 1540 1684 ea
1580 1644 1644 1684 re
1673 1625 1943 1684 Tiberius
1969 1626 2127 1703 apud
2163 1644 2335 1685 sena·
2364 1636 2404 1681 2

200 1760 205 1765 ·
249 1751 302 1801 15
322 1737 445 1785 turn
487 1724 786 1783 disseruit:
831 1723 1006 1800 patris
1047 1725 1201 1781 iussa
1245 1723 1567 1794 simulabat,
1611 1724 1821 1799 quibus
1864 1725 2334 1802 praescripsisset

323 1825 555 1883 tribuno
594 1823 887 1883 custodiae
926 1822 1210 1899 adposito,
1248 1839 1325 1880 ne
1367 1830 1732 1880 cunctaretur
1770 1822 2101 1899 Agrippam
2142 1833 2335 1882 morte

324 1925 586 1997 adficere,
616 1924 967 2003 quandoque
996 1922 1121 2000 ipse
1160 1939 1499 1999 supremum
1527 1921 1685 1981 diem
1713 1922 2075 2000 explevisset.
2152 1923 2337 1983 multa
2365 1933 2401 1979 3

325 2027 447 2084 sine
477 2025 654 2083 dubio
683 2041 965 2099 saevaque
994 2023 1295 2098 Augustus
1339 2021 1413 2079 de
1456 2022 1716 2080 moribus
1760 2021 2149 2082 adulescentis
2192 2041 2336 2099 que-

325 2131 474 2196 stuS,'
502 2134 564 2182 ut
601 2124 834 2182 exilium
874 2122 998 2181 eius
1036 2130 1270 2180 senatus
1317 2120 1585 2179 consulto
1626 2121 1943 2180 sanciretur
1977 2121 2340 2199 perfecerat:

248 2249 308 2284 20
328 2235 584 2285 ceterum
627 2224 689 2281 in
729 2220 936 2280 nullius
984 2239 1265 2298 umquam
1310 2237 1549 2278 suorum
1596 2237 1806 2279 necem
1857 2220 2100 2293 duravit,
2142 2240 2337 2298 neque

325 2333 571 2382 mortem
605 2322 804 2397 nepoti
845 2337 953 2397 pro
987 2321 1290 2379 securitate
1333 2318 1578 2395 privigni
1616 2317 1854 2377 inlatam
1887 2318 2162 2378 credibile
2196 2330 2332 2379 erat.

326 2423 563 2501 propius
597 2439 732 2479 vero
775 2420 1076 2479 Tiberium
1114 2437 1185 2479 ac
1232 2417 1474 2488 Liviam,
1517 2416 1677 2476 illurn
1716 2428 1891 2489 metu,
1930 2417 2083 2476 hanc
2127 2437 2334 2478 nover-
2360 2432 2405 2479 4

323 2521 540 2581 calibus
581 2520 745 2591 odiis,
793 2520 1045 2596 suspecti
1092 2528 1150 2579 et
1189 2517 1356 2576 invisi
1401 2518 1622 2578 iuvenis
1664 2518 1908 2576 caedem
1950 2517 2332 2580 festinavisse.

325 2620 609 2678 nuntianti
649 2619 980 2689 centurioni,
1023 2627 1088 2676 ut
1126 2635 1260 2677 mos
1295 2617 1549 2687 militiae,
1591 2616 1811 2674 factum
1850 2634 1978 2675 esse
2020 2615 2182 2693 quod
2223 2617 2332 2673 im-
2361 2636 2400 2683 5

250 2727 599 2797 25perasset,
628 2736 819 2795 neque
852 2718 1168 2793 imperasse
1211 2735 1339 2776 sese
1381 2726 1439 2775 et
1475 2715 1759 2775 rationem
1796 2715 1932 2775 facti
1971 2714 2332 2774 reddendam

326 2818 484 2895 apud
511 2826 777 2876 senatum
812 2815 1124 2891 respondit.
1207 2814 1369 2891 quod
1406 2823 1719 2891 postquam
1758 2813 2059 2872 Sallustius
2089 2814 2331 2890 Crispus
2359 2832 2400 2878 6

326 2918 611 2996 particeps
641 2924 994 2975 secretorum
1021 2899 1093 2993 (is
1122 2914 1197 2972 ad
1224 2914 1518 2974 tribunum
1551 2913 1783 2972 miserat
1812 2910 2137 2991 codicillos)
2167 2930 2331 2972 com-

328 3016 493 3094 perit,
521 3024 786 3073 metuens
822 3032 898 3072 ne
928 3030 1061 3071 reus
1104 3012 1458 3085 subderetur,
1488 3013 1648 3074 iuxta
1689 3011 2017 3088 periculoso
2055 3012 2190 3070 ficta
2228 3031 2333 3072 seu

327 3134 458 3176 vera
496 3122 802 3191 promeret,
831 3112 1056 3170 monuit
1091 3110 1313 3170 Liviam
1355 3127 1432 3170 ne
1465 3129 1678 3170 arcana
1715 3111 1944 3180 domus,
1974 3128 2051 3169 ne
2090 3112 2333 3171 consilia

252 3238 314 3288 30
331 3215 668 3285 amicorum,
698 3210 1012 3271 ministeria
1047 3211 1295 3269 militum
1327 3209 1712 3285 vulgarentur,
1741 3226 1888 3268 neve
1918 3208 2187 3268 Tiberius
2215 3211 2332 3270 vim

327 3313 680 3391 principatus
705 3310 1011 3370 resolveret
1039 3318 1250 3368 cuncta
1276 3308 1354 3367 ad
1382 3319 1650 3367 senatum
1676 3307 1945 3367 vocando
1970 3329 1983 3365 ε
2028 3325 2160 3366 eam
2189 3326 2331 3367 con-

331 3413 619 3472 dicionem
647 3428 777 3469 esse
814 3407 1157 3486 imperandi,
1187 3416 1250 3465 ut
1286 3424 1410 3465 non
1454 3407 1612 3467 aliter
1638 3408 1787 3466 ratio
1816 3415 2045 3467 constet
2073 3424 2250 3484 quarn
2284 3407 2334 3466 si

329 3511 432 3569 uni
467 3508 754 3568 reddatur.
