2594 3925
353 272 357 276 -
415 247 491 308 54
822 242 1184 293 CORNELII
1225 244 1316 293 TA
1327 244 1485 293 ειη
1519 243 1941 294 ANNALJUM
2061 231 2142 316 [A.
2153 255 2271 297 mc.
2306 246 2423 311 767·

413 417 517 475 per
554 416 773 458 nomen
815 418 1087 476 agrorum
1126 399 1369 476 ul‘sgines
1410 401 1687 478 paludum
1728 403 1817 461 vel
1864 402 2079 461 inculta
2126 405 2424 463 montium

413 499 715 575 accipiant.
800 500 1093 560 enimvero
1141 500 1401 558 militiam
1445 501 1632 577 ipsam
1673 519 1925 577 gravem,
1967 502 2423 563 infructuosam:
2452 515 2491 561 6

413 596 577 656 denis
631 598 692 655 in
739 598 893 657 diem
939 600 1164 658 assibus
1213 600 1469 658 animam
1516 608 1574 657 et
1622 618 1835 676 corpus
1890 601 2213 660 aestimari:
2272 601 2416 661 hinc

404 704 629 754 vestem
667 715 828 756 arma
870 699 1128 770 tentoria,
1172 698 1309 756 hinc
1354 698 1648 757 saevitiam
1696 699 2097 757 centurionum
2146 709 2203 759 et
2242 719 2422 759 vaca-

358 817 385 865 5
411 795 597 853 tiones
659 813 964 856 munerum
1013 797 1245 883 redimi.
1342 806 1402 854 at
1461 796 1692 855 hercule
1753 799 1991 856 verbera
2043 807 2107 869 et.
2158 798 2417 869 vulnera,
2453 811 2489 860 7

415 891 620 951 duram
661 893 930 966 hiemem,
965 877 1245 976 eie-igitas
1282 903 1547 967 aestates,
1581 894 1794 954 bellum
1828 906 1989 956 atrox
2032 906 2131 955 aut
2167 898 2423 956 sterilem

408 1009 616 1066 pacem
669 995 1032 1070 sempiterna.
1117 1013 1226 1054 nec
1280 993 1435 1052 aliud
1488 993 1876 1052 levamentum
1924 1013 2100 1071 quam
2146 997 2193 1054 si
2243 998 2419 1056 certis
2455 1007 2493 1050 8

410 1091 516 1148 sub
563 1090 784 1166 legibus
828 1091 1029 1150 militia
1082 1091 1334 1162 iniretur,
1379 1099 1443 1149 ut
1492 1091 1751 1167 singulos
1797 1092 2061 1152 denarios
2109 1104 2421 1165 mererent,

407 1199 601 1247 sextus
644 1188 922 1247 decumus
957 1189 1223 1265 stipendii
1264 1207 1452 1247 annus
1486 1189 1664 1247 finem
1705 1189 1964 1260 adferret,
2001 1208 2075 1248 ne
2115 1191 2262 1250 ultra
2307 1193 2424 1250 sub

335 1311 394 1346 10
410 1286 627 1345 vexillis
675 1297 1018 1359 tenerentur,
1066 1297 1151 1347 set
1195 1288 1382 1347 isdem
1430 1289 1493 1346 in
1539 1289 1738 1346 castris
1793 1289 2115 1364 praemium
2169 1290 2426 1364 pecunia

411 1386 733 1446 solveretur.
816 1405 892 1446 an
933 1387 1248 1463 praetorias
1286 1387 1573 1457 cohortes,
1613 1404 1763 1462 quae
1808 1387 1976 1446 binos
2015 1387 2276 1446 denarios
2319 1406 2420 1446 ac·
2449 1401 2489 1446 9

410 1484 680 1559 ceperint,
717 1503 867 1560 quae
907 1494 1042 1561 post
1079 1484 1334 1543 sedecim
1372 1501 1561 1542 annos
1594 1485 1897 1560 penatibus
1933 1486 2050 1545 suis
2086 1486 2416 1556 reddantur,

409 1582 537 1658 plus
599 1583 981 1658 periculorum
1032 1583 1356 1659 suscipere?
1426 1600 1548 1642 non
1596 1585 1904 1642 obtrectari
1957 1603 1993 1642 a
2048 1602 2109 1644 se
2164 1586 2421 1643 urbanas
2450 1601 2519 1644 10

407 1681 718 1740 excubias:
778 1681 888 1739 sibi
939 1691 1137 1740 tamen
1191 1680 1349 1757 apud
1396 1679 1659 1741 horridas
1702 1694 1906 1758 gentes
1953 1702 1987 1742 e
2031 1682 2422 1743 contuberniis

334 1803 390 1852 15
410 1778 639 1840 hostem
666 1781 863 1856 aspici.

489 1885 585 1938 18.
626 1879 1016 1955 Adstrepebat
1057 1879 1278 1955 vulguS,
1313 1879 1548 1938 diversis
1582 1880 1982 1951 incitamentiS,
2018 1879 2078 1936 hi
2113 1880 2419 1938 verberum

409 1989 594 2052 notaS,
627 1980 704 2037 illi
737 1981 1021 2051 canitiem,
1049 1980 1279 2056 plurimi
1325 1980 1529 2038 detrita
1557 1980 1815 2056 tegmina
1854 1989 1910 2038 et
1943 1979 2165 2037 nudum
2200 1996 2419 2055 corpus

410 2079 840 2154 exprobrantes,
926 2089 1224 2155 postremo
1265 2096 1340 2137 eo
1380 2078 1584 2136 furoris
1626 2096 1848 2149 venere,
1892 2087 1955 2136 ut
2002 2087 2113 2135 tres
2155 2077 2420 2150 legiones
2449 2091 2485 2136 2

412 2178 649 2236 miscere
681 2178 743 2235 in
778 2195 958 2236 unam
986 2178 1338 2254 agitaverint.
1421 2177 1642 2254 depulsi
1684 2177 2082 2249 aemulatione,
2112 2177 2249 2253 quia
2277 2193 2420 2235 suae
2451 2189 2487 2233 3

335 2300 398 2336 20
414 2277 655 2354 quisque
695 2276 908 2353 legioni
934 2295 1071 2335 eum
1111 2277 1396 2336 honorem
1422 2278 1795 2352 quaerebant,
1831 2277 1942 2336 alio
1982 2284 2209 2334 vertunt
2244 2283 2422 2351 atque

411 2393 528 2434 una
559 2384 675 2433 tres
711 2375 930 2451 aquilas
966 2385 1026 2433 et
1062 2375 1228 2450 signa
1261 2375 1585 2435 cohortium
1613 2376 1843 2447 locant3
1888 2374 2053 2433 simul
2091 2383 2422 2450 congerunt
2448 2390 2489 2433 4

412 2474 709 2549 caespites,
765 2482 1063 2532 exstruunt
1125 2474 1390 2545 tribunal,
1452 2491 1570 2550 quo
1634 2474 1821 2549 magis
1877 2474 2191 2550 conspicua
2248 2473 2423 2532 sedes

411 2571 573 2631 foret.
655 2572 1095 2647 properantibus
1137 2572 1378 2630 Blaesus
1427 2572 1671 2643 adve'nit,
1716 2573 2164 2649 increpabatque
2212 2591 2283 2631 ac
2331 2591 2422 2631 re·
2449 2585 2485 2631 5

414 2669 630 2752 tinebat
657 2668 932 2745 singulos,
963 2670 1260 2728 clamitans
1291 2676 1306 2703 ‘
1327 2688 1460 2728 mea
1486 2671 1677 2747 potius
1706 2670 1884 2730 caede
1912 2671 2146 2728 imbuite
2175 2688 2420 2729 manus:

339 2791 396 2840 ²5
417 2767 625 2827 leviore
644 2775 649 2780 ’
665 2767 880 2843 flagitio
918 2768 1174 2843 legatum
1207 2769 1557 2827 interficietis
1594 2787 1773 2844 quam
1814 2771 1890 2828 ab
1933 2770 2276 2845 imperatore
2317 2768 2422 2827 de-

417 2865 673 2925 sciscitis·
732 2875 832 2924 aut
855 2865 1159 2926 incolumis
1187 2866 1366 2927 fidem
1392 2867 1691 2943 legionum
1717 2868 1990 2937 retinebo,
2009 2877 2108 2925 aut
2134 2866 2424 2942 iugulatus
2448 2879 2487 2925 6

416 2964 824 3042 paenitentiam
852 2965 1232 3024 adcelerabo.’

495 3070 598 3124 19.-
642 3064 1046 3139 Aggerabatur
1107 3064 1287 3123 nihilo
1352 3064 1545 3123 minus
1608 3082 1845 3141 caespes
1903 3064 2136 3139 iamque
2197 3064 2446 3149 Ρεεεεζροιζίἐ

416 3179 599 3239 usque
652 3161 998 3233 adcreverat,
1055 3180 1194 3221 cum
1255 3163 1490 3222 tandem
1551 3163 1872 3240 pervicacia
1931 3162 2085 3221 victi·
2123 3163 2424 3237 inceptum

342 3284 404 3334 30
419 3262 681 3321 omisere.
765 3260 1002 3319 Blaesus
1035 3261 1216 3319 multa
1248 3261 1479 3320 dicendi
1511 3271 1631 3319 arte
1668 3280 1790 3320 non
1831 3279 1935 3337 per
1977 3260 2329 3319 seditionem
2370 3270 2426 3318 et
2450 3272 2485 3318 2

417 3362 613 3420 turbas
650 3359 934 3418 desideria
967 3360 1212 3417 militum
1245 3360 1321 3418 ad
1352 3357 1665 3418 Caesarem
1702 3359 1941 3417 ferenda
1975 3360 2070 3430 ait,
2100 3376 2292 3434 neque
2324 3376 2426 3417 ve-

418 3470 566 3519 teres
613 3459 688 3517 ab
735 3458 1175 3534 imperatoribus
1219 3457 1421 3535 priscis
1469 3476 1658 3534 neque
1702 3458 1862 3533 ipsos
1903 3476 1939 3515 a
1981 3458 2113 3516 divo
2149 3459 2427 3533 ⁸Augusto

418 3567 539 3617 tam
578 3577 732 3618 nova
772 3558 1037 3636 petivisse
1059 3577 1080 3632 3
1122 3566 1181 3617 et
1225 3574 1435 3634 parum
1480 3557 1541 3615 in
1581 3565 1844 3633 tempore
1884 3556 2224 3656 incipientes
2265 3555 2425 3633 prin·
