2594 3925
188 233 452 318 A.n.15.]
785 248 1016 297 LIBER
1054 249 1104 298 J.
1182 249 1335 300 CAP.
1381 244 1589 315 60-64.
2128 254 2199 316 77

123 413 159 457 2
190 404 549 464 condebant.
635 406 884 481 primum
948 406 1266 466 extruendo
1329 408 1550 466 tumulo
1612 408 1928 485 caespitem
1990 407 2202 466 Caesar

188 505 410 578 posuit,
454 505 781 579 gratissimo
825 523 1063 564 munere
1103 506 1164 563 in
1209 506 1511 565 defunctos
1558 517 1614 564 et
1656 507 2053 582 praesentibus
2097 504 2202 562 do-

126 608 161 653 3
188 602 335 660 loris
382 603 591 661 sociuS.
676 603 832 679 quod
861 603 1097 661 Tiberio
1132 604 1288 662 haud
1326 605 1652 679 probatum,
1685 622 1787 662 seu
1816 614 2027 663 cuncta
2056 602 2201 662 Ger·
2293 661 2302 670 ,

190 702 415 759 manici
444 702 505 758 in
533 700 776 759 deterius
817 701 1078 772 trahenti,
1111 702 1229 760 sive
1263 702 1583 761 exercitum
1619 703 1870 778 imagine
1900 720 2203 762 caesorum

191 799 737 876 insepultorumque
798 799 1085 859 tardatum
1143 801 1218 860 ad
1276 801 1495 875 proelia
1556 810 1615 859 et
1676 800 2201 859 formidolosiorem
2228 823 2254 871 5

191 896 457 955 hostium
500 899 808 970 credebat3
853 917 1041 976 neque
1080 899 1487 974 imperatorem
1527 907 1811 974 auguratu
1842 906 1901 955 et
1941 897 2203 955 vetustis-

193 994 362 1053 simis
405 997 767 1056 caerimoniis
807 997 1129 1073 praeditum
1173 998 1489 1056 adtrectare
1531 995 1727 1055 feralia
1768 995 2052 1054 debuisse.

279 1100 388 1154 63.
433 1094 550 1153 Sed
589 1095 971 1155 Germanicus
1000 1096 1301 1155 cedentem
1338 1096 1398 1153 in
1441 1095 1565 1154 avia
1591 1095 1918 1154 Arminium
1952 1103 2200 1164 secutus,

196 1193 298 1250 ubi
362 1193 614 1268 primurn
669 1195 837 1270 copia
892 1194 1010 1266 fuit,
1070 1195 1234 1253 evehi
1292 1195 1512 1271 equites
1569 1211 1973 1269 campumque,
2030 1209 2203 1269 quern

128 1302 167 1346 2
199 1291 383 1350 hostis
427 1292 733 1363 insederat,
779 1293 918 1371 eripi
959 1293 1136 1352 iubet.
1219 1293 1513 1352 Arminius
1554 1294 1746 1368 colligi
1789 1310 1924 1351 suos
1967 1302 2024 1351 et
2068 1308 2203 1366 pro·
2225 1313 2283 1347 10

199 1392 484 1466 pinquare
527 1390 678 1449 silvis
718 1391 972 1449 monitos
1007 1391 1170 1450 vertit
1197 1400 1470 1468 repente:
1513 1409 1652 1451 mox
1682 1392 1911 1467 signum
1939 1407 2203 1466 prorum-

131 1498 169 1543 3
199 1487 382 1564 pendi
418 1486 575 1546 dedit
612 1487 679 1544 iis
713 1505 860 1563 quos
899 1508 1000 1564 per
1044 1489 1222 1548 saltus
1252 1490 1651 1549 occultaverat.
1733 1498 1872 1547 tunc
1902 1476 2053 1547 nova
2082 1488 2202 1546 acie

198 1587 463 1644 turbatus
491 1604 684 1662 eques,
714 1587 1039 1664 missaeque
1073 1588 1447 1647 subsidiariae
1476 1586 1745 1647 cohortes
1778 1595 1834 1645 et
1863 1586 2203 1662 fugientium

198 1684 439 1760 agmine
480 1684 762 1761 impulsae
796 1696 1071 1744 auxerant
1106 1686 1670 1759 consternationem3
1714 1685 2204 1760 trudebanturque

198 1784 261 1840 in
315 1782 591 1859 paludem
635 1801 874 1859 gnaram
916 1785 1288 1857 vincentibuS,
1331 1785 1586 1862 iniquam
1624 1783 1848 1852 nesciiS,
1888 1784 1948 1840 ni
1988 1782 2203 1841 Caesar
2223 1804 2281 1850 15

132 1893 173 1938 4
200 1881 521 1957 productas
557 1882 817 1957 legiones
856 1883 1251 1942 instruxisset:
1292 1884 1431 1942 inde
1464 1883 1724 1942 hostibus
1765 1891 1961 1951 terror,
1993 1880 2203 1938 fiducia

136 1993 171 2038 5
200 1981 404 2048 militi;
450 1989 506 2039 et
533 1981 800 2039 manibus
819 1982 1027 2059 aequis
1056 1984 1405 2042 abscessum.
1488 2001 1626 2042 mox
1662 1981 1901 2040 reducto
1936 1979 2011 2038 ad
2040 1979 2202 2037 Ami-

200 2081 353 2138 siam
402 2080 655 2138 exercitu
701 2080 962 2156 legiones
1012 2081 1210 2154 classe,
1252 2092 1319 2141 ut
1367 2081 1689 2151 advexerat,
1733 2088 2024 2155 reportat;
2070 2096 2202 2153 pars

120 2219 128 2226 -
200 2178 464 2254 equiturn
507 2179 666 2243 litore
711 2179 934 2239 Oceani
985 2188 1175 2255 petere
1228 2179 1504 2238 Rhenum
1552 2180 1743 2249 iussa;
1789 2176 2059 2246 Caecina,
2104 2177 2203 2252 qui

204 2294 379 2334 suum
420 2276 660 2334 militem
701 2277 965 2347 ducebat,
1009 2279 1274 2349 monitus,
1321 2295 1675 2354 quamquam
1717 2275 1869 2333 notis
1911 2275 2203 2334 itineribus
2222 2298 2284 2333 20

139 2391 179 2436 6
204 2374 621 2458 regrederetur,
649 2385 856 2451 pontes
887 2376 1100 2452 longos
1143 2395 1319 2453 quam
1362 2377 1690 2434 maturrime
1735 2392 2018 2450 superare.
2103 2392 2204 2431 an-

205 2485 414 2550 gustus
451 2474 500 2531 is
538 2483 750 2534 trames
783 2484 975 2535 vastas
1015 2476 1163 2534 inter
1200 2474 1440 2551 paludes
1479 2485 1537 2532 et
1578 2473 1875 2551 quondam
1906 2490 1941 2531 a
1983 2471 2050 2529 L.
2080 2471 2204 2530 Do·-

207 2572 374 2630 mitio
404 2582 743 2648 aggeratus3
787 2583 978 2631 cetera
1010 2574 1234 2643 limosa,
1264 2573 1489 2630 tenacia
1530 2572 1687 2647 gravi
1722 2589 1906 2629 caeno
1943 2581 2041 2628 aut
2075 2571 2207 2629 rivis

207 2672 432 2729 incerta
480 2665 678 2742 erant}
730 2655 946 2730 circum
1003 2672 1176 2730 silvae
1234 2670 1511 2747 paulatim
1568 2669 1831 2740 adclives,
1889 2686 2032 2745 quas
2085 2679 2209 2726 tum

210 2770 510 2828 Arminius
550 2770 797 2846 inplevit,
838 2769 1199 2846 compendiis
1240 2769 1458 2825 viarum
1500 2777 1558 2826 et
1601 2768 1714 2826 cito
1758 2767 1989 2844 agmine
2032 2785 2209 2825 onus·
2232 2790 2288 2836 25

150 2879 185 2929 '7
212 2879 341 2926 turn
384 2868 622 2926 sarcinis
661 2868 944 2944 armisque
989 2867 1226 2925 militem
1265 2884 1398 2924 cum
1438 2865 1836 2923 antevenisset.
1923 2864 2212 2923 Caecinae

215 2967 518 3039 dubitanti,
561 2985 817 3043 quonam
866 2965 1047 3024 modo
1095 2975 1293 3041 ruptos
1343 2972 1620 3022 vetustate
1662 2973 1869 3039 pontes
1912 2974 2214 3039 reponeret

215 3066 504 3142 simulque
545 3065 905 3140 propulsaret
945 3064 1188 3132 hostem,
1234 3070 1418 3120 castra
1467 3061 1666 3120 metari
1707 3060 1790 3136 inm
1809 3060 1940 3119 loco
1983 3060 2212 3137 placuit,

217 3175 281 3222 ut
318 3169 472 3241 opus
514 3172 571 3221 et
612 3162 713 3242 Q
745 3162 1030 3238 proelium
1072 3161 1409 3236 inciperent.

302 3269 405 3323 64.
447 3238 687 3320 Baffbari
727 3259 1078 3336 perfringere
1121 3260 1395 3317 stationes
1440 3276 1616 3335 seque
1656 3256 1864 3316 inferre
1914 3256 2212 3315 munitori-
2230 3276 2295 3328 30

218 3360 328 3418 bus
384 3358 494 3417 nisi
551 3359 856 3428 lacessunt,
916 3357 1485 3432 circumgrediuntur‚
1544 3365 1885 3414 occursant:
1944 3355 2214 3413 miscetur

160 3476 195 3520 2
222 3457 589 3534 operantium
637 3456 1083 3531 bellantiumque
1138 3455 1373 3513 clamor.
1455 3463 1512 3512 et
1560 3463 1769 3512 cuncta
1827 3452 2036 3530 pariter
2093 3453 2213 3512 Ro-

223 3556 412 3614 manis
475 3554 728 3625 adversa,
786 3554 947 3613 locus
1001 3552 1212 3630 uligine
1268 3551 1572 3628 profunda,
1627 3551 1783 3609 idern
1839 3549 1914 3607 ad
1973 3550 2215 3626 gradum
