2594 3925
357 239 468 278 202
800 228 1161 279 CORNELII
1196 230 1288 278 TA
1301 230 1461 279 ειη
1490 230 1907 281 ANNALJUM
2002 218 2204 301 [nuc.
2228 229 2376 294 781.

352 384 475 457 sita,
515 383 768 461 Capreas
811 404 871 445 se
914 387 976 444 in
1019 387 1265 445 insulam
1317 388 1548 459 abdidit,
1595 389 1765 446 trium
1815 387 2034 446 milium
2081 387 2216 447 freto
2271 388 2375 445 ab

352 484 619 542 extremis
663 483 973 543 Surrentini
999 486 1375 561 promunturii
1414 487 1744 546 diiunctam.
1829 486 2192 545 solitudinem
2222 486 2370 544 eius
2403 501 2446 546 2

352 583 634 660 placuisse
688 583 940 642 maxime
995 583 1356 656 crediderim,
1409 585 1685 660 quoniam
1740 585 2144 661 inportuosum
2197 585 2371 642 circa

353 700 507 741 mare
536 691 591 740 et
619 682 712 739 vix
754 682 999 740 modicis
1041 682 1280 757 navigiis
1324 701 1511 759 pauca
1554 683 1840 756 subsidia3
1885 702 2076 760 neque
2112 683 2369 759 adpule-

299 805 325 852 5
348 781 420 838 rit
471 780 773 856 quisquam
833 780 943 837 nisi
998 798 1183 856 gnaro
1240 779 1496 839 custode.
1607 780 1750 839 caeli
1803 782 2106 857 temperies
2161 780 2365 838 hieme
2397 792 2438 837 3

350 878 502 939 mitis
544 878 774 937 obiectu
807 878 1037 949 montiS,
1074 896 1191 954 quo
1239 895 1411 937 saeva
1455 887 1755 937 ventorum
1803 888 2103 951 arcentur-3
2163 886 2362 935 aestas

350 976 410 1033 in
458 974 749 1034 favonium
798 976 1037 1034 obversa
1082 984 1141 1033 et
1188 984 1385 1051 aperto
1437 976 1654 1033 circum
1703 976 1915 1053 pelago
1962 992 2360 1052 peramoena3

348 1075 864 1151 prospectabatque
932 1072 1376 1149 pulcherrimum
1438 1063 1643 1145 sinum,
1707 1084 2021 1150 antequam
2066 1073 2357 1132 Vesuvius

349 1190 519 1232 mons
574 1173 877 1230 ardescens
920 1171 1128 1230 faciem
1171 1172 1285 1231 loci
1334 1180 1589 1231 verteret.
1675 1170 1931 1232 Graecos
1980 1188 2051 1231 ea
2099 1171 2354 1230 tenuisse
2385 1185 2430 1229 4

277 1295 334 1331 10
350 1271 715 1347 Capreasque
743 1270 1014 1329 Telebois
1043 1270 1325 1329 habitatas
1354 1270 1506 1328 fama
1532 1270 1717 1329 tradit.
1790 1271 1894 1329 sed
1922 1280 2047 1328 tum
2076 1269 2349 1328 Tiberius
2382 1287 2425 1334 5

314 1368 658 1429 vvduodecim
700 1368 957 1426 villarum
999 1368 1330 1427 nominibus
1374 1377 1432 1427 et
1479 1368 1730 1427 molibus
1775 1368 2077 1440 insederat,
2127 1377 2347 1446 quanto

351 1468 600 1525 intentus
646 1467 786 1526 olim
839 1466 1096 1544 publicas
1140 1466 1215 1525 ad
1259 1484 1440 1538 curaS,
1483 1473 1644 1526 tanto
1695 1467 2038 1527 occultiores
2081 1467 2144 1524 in
2184 1467 2351 1524 luxus

351 1573 410 1624 et
448 1565 664 1623 malum
704 1565 883 1625 otium
925 1565 1220 1624 resolutus,
1304 1566 1575 1624 manebat
1605 1565 1819 1642 quippe
1853 1565 2253 1642 suspicionum
2293 1572 2355 1623 et

353 1663 622 1723 credendi
663 1664 965 1735 temeritas,
995 1681 1172 1741 quam
1212 1663 1453 1723 Seianus
1494 1681 1704 1739 augere
1735 1664 1912 1723 etiam
1951 1664 2011 1722 in
2042 1665 2188 1722 urbe
2229 1681 2354 1722 sue-

277 1785 334 1835 15
356 1772 445 1821 tus
486 1762 669 1821 acrius
711 1764 976 1821 turbabat
1022 1781 1143 1823 non
1187 1763 1305 1821 iam
1349 1761 1587 1821 occultis
1626 1761 1927 1821 adversum
1969 1762 2354 1839 Agrippinam

355 1870 413 1920 et
453 1859 749 1921 Neronem
795 1860 1033 1919 insidiis,
1118 1861 1245 1936 quis
1288 1859 1517 1919 additus
1572 1859 1734 1918 miles
1781 1859 2029 1932 nuntiOS,
2075 1860 2354 1931 introitus,
2380 1870 2418 1915 8

356 1970 551 2036 aperta
593 1969 807 2020 secreta
834 1958 982 2018 velut
1010 1959 1085 2021 in,
1100 1959 1338 2018 annales
1366 1957 1658 2028 referebat,
1691 1956 1951 2035 ultroque
1980 1959 2357 2030 struebantur,

354 2059 454 2135 qui
506 2068 805 2118 monerent
857 2058 1153 2136 perfugere
1210 2057 1285 2116 ad
1337 2055 1685 2116 Germaniae
1740 2057 2021 2117 exercitus
2066 2057 2156 2115 vel
2206 2058 2357 2117 cele-

355 2157 598 2216 berrimo
615 2190 628 2202 ¹»
645 2156 751 2216 fori
800 2158 1049 2232 effigiem
1088 2155 1201 2214 divi
1244 2155 1490 2231 Augusti
1532 2154 1800 2232 amplecti
1849 2156 2246 2232 populumque
2287 2174 2358 2215 ac

262 2279 339 2314 ,πο
356 2266 619 2314 senatum
646 2255 855 2314 auxilio
884 2272 1109 2313 vocare.
1191 2271 1374 2331 eaque
1415 2262 1608 2331 spreta
1635 2253 1711 2312 ab
1737 2252 1864 2325 illis,
1893 2253 2044 2312 velut
2069 2261 2357 2332 pararent,

355 2353 768 2412 obiciebantur.

439 2456 540 2510 68.
585 2449 752 2510 Iunio
797 2449 995 2510 Silano
1037 2461 1095 2510 et
1138 2450 1277 2511 Silio
1322 2449 1515 2510 Nerva
1564 2450 1895 2510 consulibus
1939 2450 2176 2510 foedum
2219 2449 2362 2510 anni

357 2549 699 2626 principium
727 2549 959 2608 incessit
978 2559 1159 2608 tracto
1188 2549 1249 2606 in
1278 2567 1563 2608 carcerem
1593 2549 1814 2608 inlustri
1841 2549 2031 2626 equite
2059 2548 2359 2621 RomanO,

356 2647 516 2705 Titio
560 2646 793 2718 Sabim,
844 2648 924 2706 ob
968 2647 1280 2706 amicitiam
1331 2645 1696 2706 Germanici:
1765 2664 1956 2723 neque
2000 2646 2158 2705 enim
2208 2647 2360 2706 omi-

280 2769 336 2818 25
359 2754 507 2804 serat
564 2745 870 2820 coniugem
923 2745 1247 2821 liberosque
1310 2745 1430 2803 eius
1493 2744 1804 2822 percolere,
1862 2754 2110 2805 sectator
2178 2744 2359 2816 domi,

358 2861 555 2904 comes
597 2844 658 2901 in
698 2844 947 2920 publice,
981 2854 1116 2921 post
1142 2853 1229 2903 tot
1262 2843 1502 2904 clientes
1544 2861 1693 2902 unus
1737 2861 1924 2920 eoque
1967 2842 2125 2920 apud
2166 2843 2359 2901 bonos

357 2942 616 3002 laudatus
663 2950 721 3000 et
761 2941 947 3016 gravis
996 2942 1221 3018 iniquis,
1304 2942 1458 3000 hunc
1504 2939 1766 2999 Latinius
1815 2939 2076 3013 Latiaris,
2121 2939 2361 2999 Porcius
2385 2959 2420 3004 2

359 3039 527 3111 Cat0‚
555 3039 788 3098 Petilius
819 3038 1020 3111 Rufus,
1051 3038 1138 3098 M.
1168 3039 1386 3116 Opsius
1414 3049 1679 3117 praetura
1715 3038 1897 3097 functi
1930 3037 2360 3115 adgrediuntur,

361 3138 628 3215 cupidine
655 3136 1002 3208 consulatus,
1032 3126 1106 3195 ad
1148 3155 1323 3214 quem
1365 3155 1487 3196 non
1520 3137 1631 3195 nisi
1671 3155 1776 3215 per
1818 3136 2095 3195 Seianum
2135 3136 2325 3195 aditus
2341 3155 2358 3208 ;

284 3258 347 3308 30
367 3254 551 3313 neque
597 3235 790 3295 Seiani
822 3235 1082 3294 voluntas
1120 3235 1230 3292 nisi
1274 3235 1485 3294 scelere
1527 3235 1923 3310 quaerebatur.
1971 3234 2360 3310 compositum
2383 3252 2418 3298 3

363 3335 507 3393 inter
532 3335 691 3410 ipsos
716 3343 781 3392 ut
809 3332 1063 3403 Latiaris,
1093 3332 1192 3409 qui
1228 3332 1463 3392 modico
1489 3349 1599 3390 usu
1643 3331 1926 3390 Sabinum
1967 3331 2359 3407 contingebat,

363 3441 598 3491 strueret
644 3433 858 3503 dolum,
904 3432 1076 3491 ceteri
1119 3440 1289 3489 testes
1334 3431 1618 3502 adessent,
1665 3429 1872 3488 deinde
1927 3429 2359 3488 accusationem
2460 3428 2469 3431 ⁴

364 3531 696 3609 inciperent.
775 3529 946 3605 igitur
982 3529 1223 3590 Latiaris
1261 3528 1447 3588 iacere
1476 3527 1740 3588 fortuitos
1767 3527 2019 3606 primum
2047 3544 2358 3601 sermoneS,
2380 3540 2418 3588 4
