2594 3925
332 211 411 268 -62
743 219 1107 271 CORNELII
1131 220 1240 311 'TA
1249 220 1414 273 CJTJ
1442 221 1867 273 ANNALJUM
1984 210 2065 296 [A.
2075 233 2193 276 u.c.
2224 225 2347 288 767·

337 393 599 436 sermone
645 377 818 451 vultu,
867 377 1279 456 adrogantibus
1334 389 1393 439 et
1446 381 1719 439 obscuris,
1801 379 2158 440 accedebant
2207 397 2338 438 mu·
2373 395 2426 442 6

335 475 536 534 liebres
592 476 945 536 offensiones
993 478 1390 537 novercalibus
1446 478 1643 538 Liviae
1696 480 1757 537 in
1800 480 2184 556 Agrippinam
2240 478 2341 534 sti-

336 575 520 645 muliS,
576 584 746 651 atque
802 576 928 652 ipsa
987 576 1309 653 Agrippina
1362 577 1539 653 paulo
1595 578 1956 650 commotior,
2015 578 2123 636 nisi
2179 575 2342 652 quod

336 673 590 732 castitate
647 683 704 732 et
762 674 947 733 mariti
1001 693 1198 735 amore
1253 677 1515 752 quamvis
1562 675 1909 737 indomitum
1964 677 2224 735 animum
2249 701 2254 706 ·
2280 674 2342 731 in

285 795 312 842 5
333 772 556 831 bonum
597 775 864 832 vertebat.

416 876 516 930 34.
561 871 677 931 Sed
717 870 1104 930 Germanicus
1145 880 1365 948 quanto
1410 889 1671 930 summae
1715 871 1839 948 spei
1880 872 2135 949 propior,
2175 879 2340 929 tanto

335 969 647 1045 impensius
687 988 795 1047 pro
838 969 1079 1028 Tiberio
1119 970 1236 1040 niti,
1275 987 1455 1045 seque
1489 979 1547 1028 et
1589 972 1889 1046 proximos
1930 980 1989 1029 et
2030 969 2340 1045 Belgarum

334 1068 586 1127 civitates
630 1071 691 1127 in
739 1069 915 1127 verba
961 1069 1081 1125 eius
1125 1068 1319 1144 adigit.
1405 1067 1614 1127 dehinc
1657 1068 1855 1128 audito
1903 1068 2198 1145 legionum
2246 1076 2338 1125 tu-
2365 1075 2405 1120 2

334 1166 513 1225 multu
556 1168 764 1244 raptim
810 1166 1103 1243 profectus
1147 1167 1349 1225 obvias
1397 1177 1557 1225 extra
1612 1176 1800 1226 castra
1848 1165 2061 1238 habuit,
2104 1166 2339 1224 deiectis

262 1289 319 1324 10
336 1267 396 1325 in
439 1277 648 1326 terram
693 1266 875 1324 oculis
923 1267 1078 1324 velut
1126 1266 1489 1341 paenitentia.
1575 1274 1885 1342 postquam
1934 1247 2149 1324 vallum
2193 1264 2337 1338 iniit,

336 1365 554 1424 dissoni
584 1373 814 1442 questus
842 1363 1025 1423 audiri
1054 1381 1317 1440 coepere.
1399 1372 1457 1421 et
1488 1362 1725 1438 quidam
1759 1381 1969 1439 prensa
2002 1381 2181 1421 manu
2213 1363 2338 1421 eius
2365 1375 2402 1420 3

334 1482 437 1540 per
466 1465 721 1542 speciem
758 1463 1135 1541 egosculandi
1176 1463 1537 1522 inseruerunt
1571 1460 1800 1536 digitos,
1838 1471 1900 1519 ut
1936 1479 2118 1520 vacua
2150 1461 2337 1520 denti-

334 1563 442 1620 bus
481 1581 584 1621 ora
617 1563 1012 1638 contingeret;
1055 1562 1148 1621 alii
1186 1570 1418 1620 curvata
1445 1560 1609 1639 senio
1642 1561 1903 1618 membra
1930 1560 2336 1619 ostendebant.

335 1660 708 1729 adsistentem
757 1662 1109 1732 contionem,
1162 1661 1297 1737 quia
1344 1658 1629 1735 permixta
1676 1656 1990 1729 videbatur,
2037 1658 2339 1717 discedere
2362 1668 2403 1715 4

260 1782 313 1830 15
334 1759 394 1816 in
427 1759 753 1836 manipulos
790 1760 982 1819 iubet:
1026 1760 1107 1818 sic
1141 1759 1348 1818 melius
1380 1756 1674 1815 audituros
1709 1774 2054 1833 responsum
2070 1776 2087 1829 ;
2131 1756 2339 1815 vexilla

332 1857 618 1933 praeferri,
653 1869 717 1916 ut
757 1857 818 1916 id
859 1857 1063 1916 saltem
1097 1856 1444 1915 discerneret
1486 1854 1786 1914 cohortes:
1829 1854 1990 1915 tarde
2031 1856 2336 1931 obtempe-

330 1974 540 2014 ravere.
624 1967 760 2016 tunc
793 1975 830 2015 a
870 1955 1237 2016 veneratione
1275 1954 1524 2031 Augusti
1559 1972 1725 2013 orsus
1760 1953 1921 2012 flexit
1955 1953 2030 2013 ad
2069 1954 2338 2016 victorias
2364 1966 2398 2013 ὅ

329 2055 765 2133 triumphosque
808 2056 1042 2129 Tiberii,
1099 2056 1430 2131 praecipuis
1493 2053 1756 2113 laudibus
1824 2054 2120 2113 celebrans
2180 2072 2337 2129 quae

331 2155 488 2230 apud
537 2154 878 2214 Germanias
927 2154 1033 2213 illis
1083 2173 1217 2213 cum
1266 2154 1591 2231 legionibus
1646 2152 2030 2229 pulcherrima
2084 2153 2335 2214 fecisset.

254 2276 315 2310 20
332 2252 528 2311 Italiae
556 2253 688 2312 inde
717 2271 1087 2324 consensum,
1121 2251 1437 2311 Galliarum
1476 2251 1653 2310 fidem
1681 2252 1932 2324 extollit3
1976 2252 2057 2311 nil
2083 2270 2335 2329 usquam
2360 2263 2399 2309 6

329 2353 615 2411 turbidum
664 2361 764 2410 aut
809 2352 1046 2411 discors.
1135 2352 1362 2411 silentio
1413 2349 1559 2410 haec
1606 2350 1698 2409 vel
1745 2368 2040 2409 murmure
2095 2351 2335 2411 modico

331 2450 522 2509 audita
565 2459 714 2509 sunt.

409 2555 506 2609 35.
551 2548 633 2608 Ut
677 2548 1019 2607 seditionem
1064 2550 1264 2626 attigit,
1308 2550 1409 2608 ubi
1454 2548 1741 2608 modestia
1782 2548 2054 2619 militaris,
2093 2547 2192 2605 ubi
2236 2566 2333 2606 ve-

330 2649 460 2706 teris
517 2646 848 2724 disciplinae
903 2648 1098 2721 decus,
1144 2666 1401 2725 quonam
1456 2649 1734 2719 tribunos,
1792 2663 1910 2723 quo
1968 2646 2332 2706 centuriones

253 2770 308 2819 25
328 2748 669 2822 exegissent,
718 2747 994 2823 rogitans,
1044 2746 1265 2806 nudant
1312 2746 1559 2805 universi
1607 2763 1868 2822 corpora,
1915 2744 2210 2804 cicatrices
2258 2764 2330 2805 ex

328 2845 672 2916 vulneribuS,
709 2848 1011 2903 verberum
1051 2855 1222 2904 notas
1264 2845 1619 2922 exprobrant
1635 2864 1652 2916 3
1696 2862 1837 2902 mox
1873 2844 2196 2902 indiscretis
2227 2860 2329 2902 vo-

328 2944 488 3002 cibus
532 2944 714 3020 pretia
762 2944 1145 3015 vacationum,
1194 2942 1489 3019 angustias
1540 2941 1826 3019 stipendii,
1878 2942 2143 3000 duritiam
2191 2959 2329 3018 ope-

325 3060 452 3100 rum
500 3060 570 3101 ac
617 3043 862 3119 propriis
909 3041 1242 3099 nominibus
1290 3042 1558 3099 incusant
1604 3041 1831 3113 vallum,
1878 3040 2084 3113 fossaS,
2134 3043 2331 3119 pabuli

327 3142 598 3200 materiae
630 3141 922 3215 lignorum
960 3141 1248 3216 adgestuS,
1287 3149 1346 3198 et
1378 3140 1425 3198 si
1462 3158 1578 3216 qua
1610 3140 1720 3199 alia
1751 3158 1826 3198 ex
1860 3141 2204 3205 necessitate
2230 3151 2327 3200 aut

250 3264 310 3312 30
327 3239 598 3299 adversus
639 3240 820 3298 otium
863 3248 1181 3298 castrorum
1227 3249 1594 3315 quaeruntur.
1679 3239 2069 3298 atrocissimus
2111 3248 2325 3298 vetera·
2351 3252 2388 3297 2

325 3356 533 3396 norum
574 3337 794 3395 clamor
827 3338 1129 3408 oriebatur,
1165 3338 1263 3412 qui
1303 3338 1522 3396 tricena
1558 3346 1657 3396 aut
1686 3355 1878 3414 supra⁴
1898 3335 2186 3415 stipendia
2219 3354 2325 3393 nu-

326 3445 627 3504 meranteS,
662 3434 986 3493 mederetur
1027 3434 1208 3504 fessiS,
1242 3452 1360 3491 neu
1401 3444 1649 3493 mortem
1687 3435 1746 3492 in
1788 3434 1975 3493 isdem
2016 3433 2323 3505 laboribuS,

326 3533 431 3591 sed
464 3532 640 3589 finem
675 3541 792 3591 tam
832 3533 1111 3592 exercitae
1139 3532 1372 3591 militiae
1412 3550 1601 3609 neque
1629 3532 1867 3609 inopem
1904 3531 2160 3608 requiem
2199 3548 2324 3589 ora-
