<?xml version="1.0" encoding="UTF-8"?>
<!DOCTYPE html PUBLIC "-//W3C//DTD XHTML 1.0 Transitional//EN"
    "http://www.w3.org/TR/xhtml1/DTD/xhtml1-transitional.dtd">
<html xmlns="http://www.w3.org/1999/xhtml" xml:lang="en" lang="en">
 <head>
  <title>
</title>
<meta http-equiv="Content-Type" content="text/html;charset=utf-8" />
  <meta name='ocr-system' content='tesseract 3.04.00' />
  <meta name='ocr-capabilities' content='ocr_page ocr_carea ocr_par ocr_line ocrx_word'/>
</head>
<body>
  <div class='ocr_page' id='page_1' title='image "./annalium00tacigoog_0204.png"; bbox 0 0 2594 3925; ppageno 0'>
   <div class='ocr_carea' id='block_1_1' title="bbox 394 234 2404 324">
    <p class='ocr_par' dir='ltr' id='par_1_1' title="bbox 394 234 2404 324">
     <span class='ocr_line' id='line_1_1' title="bbox 394 234 2404 324; baseline -0.001 -19"><span class='ocrx_word' id='word_1_1' title='bbox 394 267 505 322; x_wconf 88' lang='lat'><strong>190</strong></span> <span class='ocrx_word' id='word_1_2' title='bbox 841 234 1202 305; x_wconf 73' lang='lat' dir='ltr'><em>CORNELII</em></span> <span class='ocrx_word' id='word_1_3' title='bbox 1243 256 1334 303; x_wconf 84' lang='lat' dir='ltr'><strong>TA</strong></span> <span class='ocrx_word' id='word_1_4' title='bbox 1346 255 1505 303; x_wconf 70' lang='grc' dir='ltr'><strong>εῖτ]</strong></span> <span class='ocrx_word' id='word_1_5' title='bbox 1537 254 1959 303; x_wconf 80' lang='lat' dir='ltr'><strong>ANNALJUM</strong></span> <span class='ocrx_word' id='word_1_6' title='bbox 2033 241 2248 324; x_wconf 52' lang='lat' dir='ltr'><strong>[tuuc.</strong></span> <span class='ocrx_word' id='word_1_7' title='bbox 2280 252 2404 315; x_wconf 82' lang='lat'><strong>778·</strong></span> 
     </span>
    </p>
   </div>
   <div class='ocr_carea' id='block_1_2' title="bbox 307 411 2471 3431">
    <p class='ocr_par' dir='ltr' id='par_1_2' title="bbox 384 411 2467 784">
     <span class='ocr_line' id='line_1_2' title="bbox 386 411 2406 490; baseline 0 -21"><span class='ocrx_word' id='word_1_8' title='bbox 386 414 530 471; x_wconf 92' lang='lat' dir='ltr'><strong>inter</strong></span> <span class='ocrx_word' id='word_1_9' title='bbox 586 412 853 473; x_wconf 91' lang='lat' dir='ltr'><strong>Herculis</strong></span> <span class='ocrx_word' id='word_1_10' title='bbox 916 423 1184 490; x_wconf 91' lang='lat' dir='ltr'><strong>posteros</strong></span> <span class='ocrx_word' id='word_1_11' title='bbox 1241 412 1585 471; x_wconf 90' lang='lat' dir='ltr'><strong>divisionem</strong></span> <span class='ocrx_word' id='word_1_12' title='bbox 1642 412 2032 489; x_wconf 87' lang='lat' dir='ltr'>Peloponnesi</span> <span class='ocrx_word' id='word_1_13' title='bbox 2088 411 2406 489; x_wconf 87' lang='lat' dir='ltr'><strong>protulere,</strong></span> 
     </span>
     <span class='ocr_line' id='line_1_3' title="bbox 385 510 2407 587; baseline 0 -19"><span class='ocrx_word' id='word_1_14' title='bbox 385 528 603 586; x_wconf 88' lang='lat' dir='ltr'><strong>suoque</strong></span> <span class='ocrx_word' id='word_1_15' title='bbox 630 512 751 587; x_wconf 87' lang='lat' dir='ltr'><strong>regi</strong></span> <span class='ocrx_word' id='word_1_16' title='bbox 792 511 1222 570; x_wconf 84' lang='lat' dir='ltr'><strong>Denthaliatem</strong></span> <span class='ocrx_word' id='word_1_17' title='bbox 1264 528 1483 586; x_wconf 88' lang='lat' dir='ltr'><strong>agrum,</strong></span> <span class='ocrx_word' id='word_1_18' title='bbox 1526 511 1589 568; x_wconf 90' lang='lat' dir='ltr'><strong>in</strong></span> <span class='ocrx_word' id='word_1_19' title='bbox 1633 528 1751 587; x_wconf 93' lang='lat' dir='ltr'><strong>quo</strong></span> <span class='ocrx_word' id='word_1_20' title='bbox 1799 511 1861 570; x_wconf 91' lang='lat' dir='ltr'><strong>id</strong></span> <span class='ocrx_word' id='word_1_21' title='bbox 1903 510 2223 581; x_wconf 89' lang='lat' dir='ltr'><strong>delubrum,</strong></span> <span class='ocrx_word' id='word_1_22' title='bbox 2269 528 2407 569; x_wconf 90' lang='lat' dir='ltr'><strong>ces-</strong></span> 
     </span>
     <span class='ocr_line' id='line_1_4' title="bbox 384 609 2407 686; baseline -0.001 -18"><span class='ocrx_word' id='word_1_23' title='bbox 384 610 561 680; x_wconf 82' lang='lat' dir='ltr'><strong>sisse3</strong></span> <span class='ocrx_word' id='word_1_24' title='bbox 605 609 1076 685; x_wconf 85' lang='lat' dir='ltr'><strong>monimentaque</strong></span> <span class='ocrx_word' id='word_1_25' title='bbox 1105 609 1227 667; x_wconf 90' lang='lat' dir='ltr'><strong>eius</strong></span> <span class='ocrx_word' id='word_1_26' title='bbox 1253 609 1337 666; x_wconf 91' lang='lat' dir='ltr'><strong>rei</strong></span> <span class='ocrx_word' id='word_1_27' title='bbox 1365 609 1590 686; x_wconf 87' lang='lat' dir='ltr'><strong>sculpta</strong></span> <span class='ocrx_word' id='word_1_28' title='bbox 1617 610 1774 668; x_wconf 83' lang='lat' dir='ltr'><strong>saxis</strong></span> <span class='ocrx_word' id='word_1_29' title='bbox 1801 618 1861 667; x_wconf 92' lang='lat' dir='ltr'><strong>et</strong></span> <span class='ocrx_word' id='word_1_30' title='bbox 1887 627 2020 668; x_wconf 93' lang='lat' dir='ltr'><strong>aere</strong></span> <span class='ocrx_word' id='word_1_31' title='bbox 2046 610 2241 686; x_wconf 91' lang='lat' dir='ltr'><strong>prisco</strong></span> <span class='ocrx_word' id='word_1_32' title='bbox 2270 626 2407 665; x_wconf 90' lang='lat' dir='ltr'><strong>ma-</strong></span> 
     </span>
     <span class='ocr_line' id='line_1_5' title="bbox 386 706 2467 784; baseline -0.002 -19"><span class='ocrx_word' id='word_1_33' title='bbox 386 725 535 766; x_wconf 92' lang='lat' dir='ltr'><strong>nere.</strong></span> <span class='ocrx_word' id='word_1_34' title='bbox 599 709 758 784; x_wconf 92' lang='lat' dir='ltr'><strong>quod</strong></span> <span class='ocrx_word' id='word_1_35' title='bbox 785 708 835 767; x_wconf 91' lang='lat' dir='ltr'><strong>si</strong></span> <span class='ocrx_word' id='word_1_36' title='bbox 861 717 1072 777; x_wconf 89' lang='lat' dir='ltr'><strong>vatum,</strong></span> <span class='ocrx_word' id='word_1_37' title='bbox 1103 706 1398 765; x_wconf 90' lang='lat' dir='ltr'><strong>annalium</strong></span> <span class='ocrx_word' id='word_1_38' title='bbox 1425 708 1500 765; x_wconf 90' lang='lat' dir='ltr'><strong>ad</strong></span> <span class='ocrx_word' id='word_1_39' title='bbox 1529 707 1859 767; x_wconf 90' lang='lat' dir='ltr'><strong>testimonia</strong></span> <span class='ocrx_word' id='word_1_40' title='bbox 1875 717 2171 778; x_wconf 87' lang='lat' dir='ltr'><strong>vocentur,</strong></span> <span class='ocrx_word' id='word_1_41' title='bbox 2202 706 2404 783; x_wconf 89' lang='lat' dir='ltr'><strong>plures</strong></span> <span class='ocrx_word' id='word_1_42' title='bbox 2431 717 2467 761; x_wconf 84' lang='lat'><strong>3</strong></span> 
     </span>
    </p>

    <p class='ocr_par' dir='ltr' id='par_1_3' title="bbox 332 802 2471 1272">
     <span class='ocr_line' id='line_1_6' title="bbox 332 802 2471 883; baseline -0.002 -20"><span class='ocrx_word' id='word_1_43' title='bbox 332 831 359 878; x_wconf 83' lang='lat'><strong>5</strong></span> <span class='ocrx_word' id='word_1_44' title='bbox 383 806 493 864; x_wconf 89' lang='lat' dir='ltr'><strong>sibi</strong></span> <span class='ocrx_word' id='word_1_45' title='bbox 520 824 589 864; x_wconf 92' lang='lat' dir='ltr'><strong>ac</strong></span> <span class='ocrx_word' id='word_1_46' title='bbox 617 806 1023 883; x_wconf 89' lang='lat' dir='ltr'><strong>locupletiores</strong></span> <span class='ocrx_word' id='word_1_47' title='bbox 1061 822 1224 877; x_wconf 86' lang='lat' dir='ltr'><strong>esse3</strong></span> <span class='ocrx_word' id='word_1_48' title='bbox 1270 822 1463 880; x_wconf 90' lang='lat' dir='ltr'><strong>neque</strong></span> <span class='ocrx_word' id='word_1_49' title='bbox 1500 802 1838 882; x_wconf 90' lang='lat' dir='ltr'><strong>Philippum</strong></span> <span class='ocrx_word' id='word_1_50' title='bbox 1865 805 2141 883; x_wconf 88' lang='lat' dir='ltr'><strong>potentia,</strong></span> <span class='ocrx_word' id='word_1_51' title='bbox 2172 805 2278 863; x_wconf 91' lang='lat' dir='ltr'><strong>sed</strong></span> <span class='ocrx_word' id='word_1_52' title='bbox 2319 821 2403 861; x_wconf 86' lang='lat' dir='ltr'><strong>ex</strong></span> <span class='ocrx_word' id='word_1_53' title='bbox 2432 816 2471 859; x_wconf 81' lang='lat'>4</span> 
     </span>
     <span class='ocr_line' id='line_1_7' title="bbox 386 900 2401 980; baseline -0.002 -18"><span class='ocrx_word' id='word_1_54' title='bbox 386 922 520 962; x_wconf 90' lang='lat' dir='ltr'><strong>vero</strong></span> <span class='ocrx_word' id='word_1_55' title='bbox 550 903 849 963; x_wconf 85' lang='lat' dir='ltr'><strong>statuisse:</strong></span> <span class='ocrx_word' id='word_1_56' title='bbox 893 903 1046 961; x_wconf 90' lang='lat' dir='ltr'><strong>idem</strong></span> <span class='ocrx_word' id='word_1_57' title='bbox 1087 903 1238 978; x_wconf 85' lang='lat' dir='ltr'><strong>regis</strong></span> <span class='ocrx_word' id='word_1_58' title='bbox 1263 901 1567 978; x_wconf 86' lang='lat' dir='ltr'><strong>Antigoni,</strong></span> <span class='ocrx_word' id='word_1_59' title='bbox 1596 901 1754 961; x_wconf 91' lang='lat' dir='ltr'><strong>idem</strong></span> <span class='ocrx_word' id='word_1_60' title='bbox 1791 902 2153 980; x_wconf 87' lang='lat' dir='ltr'><strong>imperatoris</strong></span> <span class='ocrx_word' id='word_1_61' title='bbox 2194 900 2401 959; x_wconf 87' lang='lat' dir='ltr'><strong>Mum-</strong></span> 
     </span>
     <span class='ocr_line' id='line_1_8' title="bbox 385 998 2465 1077; baseline -0.001 -18"><span class='ocrx_word' id='word_1_62' title='bbox 385 1002 487 1059; x_wconf 91' lang='lat' dir='ltr'><strong>mii</strong></span> <span class='ocrx_word' id='word_1_63' title='bbox 514 1002 823 1073; x_wconf 82' lang='lat' dir='ltr'><strong>iudicium3</strong></span> <span class='ocrx_word' id='word_1_64' title='bbox 861 1001 944 1059; x_wconf 91' lang='lat' dir='ltr'><strong>sic</strong></span> <span class='ocrx_word' id='word_1_65' title='bbox 972 998 1235 1058; x_wconf 90' lang='lat' dir='ltr'><strong>Milesios</strong></span> <span class='ocrx_word' id='word_1_66' title='bbox 1263 1000 1548 1076; x_wconf 90' lang='lat' dir='ltr'><strong>permisso</strong></span> <span class='ocrx_word' id='word_1_67' title='bbox 1573 1000 1804 1077; x_wconf 91' lang='lat' dir='ltr'><strong>publice</strong></span> <span class='ocrx_word' id='word_1_68' title='bbox 1824 1001 2072 1071; x_wconf 89' lang='lat' dir='ltr'><strong>arbitrio,</strong></span> <span class='ocrx_word' id='word_1_69' title='bbox 2095 1008 2400 1077; x_wconf 90' lang='lat' dir='ltr'><strong>postremo</strong></span> <span class='ocrx_word' id='word_1_70' title='bbox 2427 1010 2465 1057; x_wconf 83' lang='grc'><strong>5</strong></span> 
     </span>
     <span class='ocr_line' id='line_1_9' title="bbox 383 1097 2399 1174; baseline -0 -18"><span class='ocrx_word' id='word_1_71' title='bbox 383 1098 644 1158; x_wconf 91' lang='lat' dir='ltr'><strong>Atidium</strong></span> <span class='ocrx_word' id='word_1_72' title='bbox 674 1098 988 1158; x_wconf 90' lang='lat' dir='ltr'><strong>Geminum</strong></span> <span class='ocrx_word' id='word_1_73' title='bbox 1017 1107 1345 1174; x_wconf 89' lang='lat' dir='ltr'><strong>praetorem</strong></span> <span class='ocrx_word' id='word_1_74' title='bbox 1372 1097 1632 1157; x_wconf 90' lang='lat' dir='ltr'><strong>Achaiae</strong></span> <span class='ocrx_word' id='word_1_75' title='bbox 1659 1098 2000 1158; x_wconf 86' lang='lat' dir='ltr'><strong>decrevisse.</strong></span> <span class='ocrx_word' id='word_1_76' title='bbox 2076 1099 2156 1156; x_wconf 91' lang='lat' dir='ltr'><strong>ita</strong></span> <span class='ocrx_word' id='word_1_77' title='bbox 2183 1115 2399 1157; x_wconf 89' lang='lat' dir='ltr'><strong>secun-</strong></span> 
     </span>
     <span class='ocr_line' id='line_1_10' title="bbox 385 1194 2460 1272; baseline 0 -16"><span class='ocrx_word' id='word_1_78' title='bbox 385 1197 526 1256; x_wconf 93' lang='lat' dir='ltr'><strong>dum</strong></span> <span class='ocrx_word' id='word_1_79' title='bbox 553 1197 884 1256; x_wconf 89' lang='lat' dir='ltr'><strong>Messenios</strong></span> <span class='ocrx_word' id='word_1_80' title='bbox 911 1196 1128 1254; x_wconf 82' lang='lat' dir='ltr'><strong>datum.</strong></span> <span class='ocrx_word' id='word_1_81' title='bbox 1211 1206 1270 1254; x_wconf 91' lang='lat' dir='ltr'><strong>et</strong></span> <span class='ocrx_word' id='word_1_82' title='bbox 1299 1194 1603 1272; x_wconf 87' lang='lat' dir='ltr'><strong>Segestani</strong></span> <span class='ocrx_word' id='word_1_83' title='bbox 1630 1196 1836 1256; x_wconf 91' lang='lat' dir='ltr'><strong>aedem</strong></span> <span class='ocrx_word' id='word_1_84' title='bbox 1854 1196 2101 1255; x_wconf 90' lang='lat' dir='ltr'><strong>Veneris</strong></span> <span class='ocrx_word' id='word_1_85' title='bbox 2128 1205 2394 1254; x_wconf 89' lang='lat' dir='ltr'><strong>montem</strong></span> <span class='ocrx_word' id='word_1_86' title='bbox 2424 1212 2460 1257; x_wconf 81' lang='lat'>6</span> 
     </span>
    </p>

    <p class='ocr_par' dir='ltr' id='par_1_4' title="bbox 314 1292 2456 1761">
     <span class='ocr_line' id='line_1_11' title="bbox 314 1292 2397 1372; baseline 0 -19"><span class='ocrx_word' id='word_1_87' title='bbox 314 1319 369 1354; x_wconf 81' lang='grc' dir='ltr'><strong>ιο</strong></span> <span class='ocrx_word' id='word_1_88' title='bbox 387 1295 545 1372; x_wconf 91' lang='lat' dir='ltr'><strong>apud</strong></span> <span class='ocrx_word' id='word_1_89' title='bbox 571 1294 843 1372; x_wconf 88' lang='lat' dir='ltr'><strong>Erycum,</strong></span> <span class='ocrx_word' id='word_1_90' title='bbox 872 1303 1153 1353; x_wconf 89' lang='lat' dir='ltr'><strong>vetustate</strong></span> <span class='ocrx_word' id='word_1_91' title='bbox 1180 1292 1484 1370; x_wconf 88' lang='lat' dir='ltr'><strong>dilapsam,</strong></span> <span class='ocrx_word' id='word_1_92' title='bbox 1513 1296 1813 1354; x_wconf 90' lang='lat' dir='ltr'><strong>restaurari</strong></span> <span class='ocrx_word' id='word_1_93' title='bbox 1840 1294 2224 1372; x_wconf 86' lang='lat' dir='ltr'><strong>postulavere,</strong></span> <span class='ocrx_word' id='word_1_94' title='bbox 2252 1304 2397 1353; x_wconf 88' lang='lat' dir='ltr'><strong>nota</strong></span> 
     </span>
     <span class='ocr_line' id='line_1_12' title="bbox 388 1390 2452 1471; baseline 0.001 -21"><span class='ocrx_word' id='word_1_95' title='bbox 388 1402 777 1452; x_wconf 88' lang='lat' dir='ltr'><strong>memorantes</strong></span> <span class='ocrx_word' id='word_1_96' title='bbox 805 1390 878 1450; x_wconf 91' lang='lat' dir='ltr'><strong>de</strong></span> <span class='ocrx_word' id='word_1_97' title='bbox 914 1392 1137 1468; x_wconf 89' lang='lat' dir='ltr'><strong>origine</strong></span> <span class='ocrx_word' id='word_1_98' title='bbox 1172 1392 1295 1451; x_wconf 91' lang='lat' dir='ltr'><strong>eius</strong></span> <span class='ocrx_word' id='word_1_99' title='bbox 1323 1401 1380 1451; x_wconf 89' lang='lat' dir='ltr'><strong>et</strong></span> <span class='ocrx_word' id='word_1_100' title='bbox 1406 1391 1555 1451; x_wconf 90' lang='lat' dir='ltr'><strong>laeta</strong></span> <span class='ocrx_word' id='word_1_101' title='bbox 1582 1392 1838 1452; x_wconf 87' lang='lat' dir='ltr'><strong>Tiberio.</strong></span> <span class='ocrx_word' id='word_1_102' title='bbox 1908 1394 2163 1471; x_wconf 88' lang='lat' dir='ltr'><strong>suscepit</strong></span> <span class='ocrx_word' id='word_1_103' title='bbox 2190 1411 2393 1452; x_wconf 89' lang='lat' dir='ltr'><strong>curam</strong></span> <span class='ocrx_word' id='word_1_104' title='bbox 2417 1404 2452 1453; x_wconf 83' lang='grc'><strong>’1</strong></span> 
     </span>
     <span class='ocr_line' id='line_1_13' title="bbox 387 1488 2395 1567; baseline 0.001 -19"><span class='ocrx_word' id='word_1_105' title='bbox 387 1490 571 1549; x_wconf 88' lang='lat' dir='ltr'><strong>libens</strong></span> <span class='ocrx_word' id='word_1_106' title='bbox 597 1499 661 1548; x_wconf 93' lang='lat' dir='ltr'><strong>ut</strong></span> <span class='ocrx_word' id='word_1_107' title='bbox 681 1489 1165 1565; x_wconf 63' lang='lat' dir='ltr'><strong>consanguineus</strong></span> <span class='ocrx_word' id='word_1_108' title='bbox 1237 1500 1379 1549; x_wconf 90' lang='lat' dir='ltr'><strong>tunc</strong></span> <span class='ocrx_word' id='word_1_109' title='bbox 1405 1499 1677 1550; x_wconf 86' lang='lat' dir='ltr'><strong>tractatae</strong></span> <span class='ocrx_word' id='word_1_110' title='bbox 1705 1488 2159 1550; x_wconf 87' lang='lat' dir='ltr'><strong>Massiliensium</strong></span> <span class='ocrx_word' id='word_1_111' title='bbox 2175 1503 2395 1567; x_wconf 72' lang='lat' dir='ltr'><strong>*preces</strong></span> 
     </span>
     <span class='ocr_line' id='line_1_14' title="bbox 385 1586 2395 1665; baseline 0 -20"><span class='ocrx_word' id='word_1_112' title='bbox 385 1589 808 1665; x_wconf 90' lang='lat' dir='ltr'><strong>probatumque</strong></span> <span class='ocrx_word' id='word_1_113' title='bbox 838 1586 905 1645; x_wconf 89' lang='lat' dir='ltr'><strong>P.</strong></span> <span class='ocrx_word' id='word_1_114' title='bbox 931 1586 1126 1645; x_wconf 91' lang='lat' dir='ltr'><strong>Rutilii</strong></span> <span class='ocrx_word' id='word_1_115' title='bbox 1161 1588 1530 1664; x_wconf 83' lang='lat' dir='ltr'><strong>exemplum3</strong></span> <span class='ocrx_word' id='word_1_116' title='bbox 1560 1606 1812 1664; x_wconf 91' lang='lat' dir='ltr'><strong>namque</strong></span> <span class='ocrx_word' id='word_1_117' title='bbox 1844 1606 1981 1647; x_wconf 93' lang='lat' dir='ltr'><strong>eum</strong></span> <span class='ocrx_word' id='word_1_118' title='bbox 2009 1588 2235 1665; x_wconf 84' lang='lat' dir='ltr'><strong>legibus</strong></span> <span class='ocrx_word' id='word_1_119' title='bbox 2264 1589 2395 1665; x_wconf 91' lang='lat' dir='ltr'><strong>pul-</strong></span> 
     </span>
     <span class='ocr_line' id='line_1_15' title="bbox 387 1685 2456 1761; baseline -0 -15"><span class='ocrx_word' id='word_1_120' title='bbox 387 1705 515 1746; x_wconf 90' lang='lat' dir='ltr'><strong>sum</strong></span> <span class='ocrx_word' id='word_1_121' title='bbox 535 1686 719 1745; x_wconf 90' lang='lat' dir='ltr'><strong>civem</strong></span> <span class='ocrx_word' id='word_1_122' title='bbox 740 1685 846 1744; x_wconf 91' lang='lat' dir='ltr'><strong>sibi</strong></span> <span class='ocrx_word' id='word_1_123' title='bbox 870 1685 1173 1761; x_wconf 88' lang='lat' dir='ltr'><strong>Zmyrnaei</strong></span> <span class='ocrx_word' id='word_1_124' title='bbox 1196 1686 1559 1745; x_wconf 86' lang='lat' dir='ltr'><strong>addiderant.</strong></span> <span class='ocrx_word' id='word_1_125' title='bbox 1617 1703 1738 1761; x_wconf 93' lang='lat' dir='ltr'><strong>quo</strong></span> <span class='ocrx_word' id='word_1_126' title='bbox 1755 1687 1875 1745; x_wconf 91' lang='lat' dir='ltr'><strong>iure</strong></span> <span class='ocrx_word' id='word_1_127' title='bbox 1892 1685 2198 1745; x_wconf 89' lang='lat' dir='ltr'><strong>Vulcatius</strong></span> <span class='ocrx_word' id='word_1_128' title='bbox 2226 1685 2396 1745; x_wconf 93' lang='lat' dir='ltr'><strong>Mos·</strong></span> <span class='ocrx_word' id='word_1_129' title='bbox 2419 1699 2456 1745; x_wconf 82' lang='grc'><strong>8</strong></span> 
     </span>
    </p>

    <p class='ocr_par' dir='ltr' id='par_1_5' title="bbox 314 1775 2394 1960">
     <span class='ocr_line' id='line_1_16' title="bbox 314 1775 2394 1861; baseline -0 -18"><span class='ocrx_word' id='word_1_130' title='bbox 314 1808 366 1856; x_wconf 85' lang='lat'><strong>15</strong></span> <span class='ocrx_word' id='word_1_131' title='bbox 387 1785 529 1844; x_wconf 90' lang='lat' dir='ltr'><strong>chus</strong></span> <span class='ocrx_word' id='word_1_132' title='bbox 549 1784 683 1843; x_wconf 84' lang='lat' dir='ltr'><strong>exul</strong></span> <span class='ocrx_word' id='word_1_133' title='bbox 705 1783 765 1841; x_wconf 90' lang='lat' dir='ltr'><strong>in</strong></span> <span class='ocrx_word' id='word_1_134' title='bbox 784 1782 1181 1843; x_wconf 87' lang='lat' dir='ltr'><strong>Massilienses</strong></span> <span class='ocrx_word' id='word_1_135' title='bbox 1200 1775 1466 1860; x_wconf 79' lang='lat' dir='ltr'><strong>receptu‘s</strong></span> <span class='ocrx_word' id='word_1_136' title='bbox 1488 1785 1648 1843; x_wconf 87' lang='lat' dir='ltr'><strong>bona</strong></span> <span class='ocrx_word' id='word_1_137' title='bbox 1667 1801 1773 1843; x_wconf 90' lang='lat' dir='ltr'><strong>sua</strong></span> <span class='ocrx_word' id='word_1_138' title='bbox 1791 1784 1877 1844; x_wconf 90' lang='lat' dir='ltr'><strong>rei</strong></span> <span class='ocrx_word' id='word_1_139' title='bbox 1895 1784 2165 1861; x_wconf 90' lang='lat' dir='ltr'><strong>publicae</strong></span> <span class='ocrx_word' id='word_1_140' title='bbox 2184 1800 2394 1843; x_wconf 89' lang='lat' dir='ltr'><strong>eorum</strong></span> 
     </span>
     <span class='ocr_line' id='line_1_17' title="bbox 386 1881 1203 1960; baseline 0 -18"><span class='ocrx_word' id='word_1_141' title='bbox 386 1892 450 1942; x_wconf 82' lang='lat' dir='ltr'><strong>ut</strong></span> <span class='ocrx_word' id='word_1_142' title='bbox 476 1883 697 1960; x_wconf 89' lang='lat' dir='ltr'><strong>patriae</strong></span> <span class='ocrx_word' id='word_1_143' title='bbox 720 1881 1041 1957; x_wconf 89' lang='lat' dir='ltr'><strong>reliquerat.</strong></span> <span class='ocrx_word' id='word_1_144' title='bbox 1200 1945 1203 1949; x_wconf 69' lang='grc'><strong>,</strong></span> 
     </span>
    </p>

    <p class='ocr_par' dir='ltr' id='par_1_6' title="bbox 389 1980 2394 2256">
     <span class='ocr_line' id='line_1_18' title="bbox 468 1980 2393 2057; baseline 0.001 -17"><span class='ocrx_word' id='word_1_145' title='bbox 468 1988 574 2040; x_wconf 83' lang='lat'><strong>44.</strong></span> <span class='ocrx_word' id='word_1_146' title='bbox 617 1980 830 2040; x_wconf 91' lang='lat' dir='ltr'><strong>Obiere</strong></span> <span class='ocrx_word' id='word_1_147' title='bbox 869 1998 944 2040; x_wconf 93' lang='lat' dir='ltr'><strong>eo</strong></span> <span class='ocrx_word' id='word_1_148' title='bbox 983 1998 1139 2042; x_wconf 90' lang='lat' dir='ltr'><strong>anno</strong></span> <span class='ocrx_word' id='word_1_149' title='bbox 1179 1983 1282 2041; x_wconf 89' lang='lat' dir='ltr'><strong>viri</strong></span> <span class='ocrx_word' id='word_1_150' title='bbox 1323 1983 1546 2043; x_wconf 91' lang='lat' dir='ltr'><strong>nobiles</strong></span> <span class='ocrx_word' id='word_1_151' title='bbox 1589 1984 1698 2043; x_wconf 90' lang='lat' dir='ltr'><strong>Cn.</strong></span> <span class='ocrx_word' id='word_1_152' title='bbox 1741 1983 2025 2057; x_wconf 86' lang='lat' dir='ltr'><strong>Lentulus</strong></span> <span class='ocrx_word' id='word_1_153' title='bbox 2065 1992 2124 2044; x_wconf 94' lang='lat' dir='ltr'><strong>et</strong></span> <span class='ocrx_word' id='word_1_154' title='bbox 2164 1982 2231 2043; x_wconf 87' lang='lat' dir='ltr'><strong>L.</strong></span> <span class='ocrx_word' id='word_1_155' title='bbox 2262 1982 2393 2042; x_wconf 91' lang='lat' dir='ltr'><strong>Do-</strong></span> 
     </span>
     <span class='ocr_line' id='line_1_19' title="bbox 389 2078 2394 2159; baseline 0.001 -22"><span class='ocrx_word' id='word_1_156' title='bbox 389 2080 597 2138; x_wconf 87' lang='lat' dir='ltr'><strong>mitius.</strong></span> <span class='ocrx_word' id='word_1_157' title='bbox 679 2078 930 2137; x_wconf 91' lang='lat' dir='ltr'><strong>Lentulo</strong></span> <span class='ocrx_word' id='word_1_158' title='bbox 974 2096 1147 2156; x_wconf 91' lang='lat' dir='ltr'><strong>super</strong></span> <span class='ocrx_word' id='word_1_159' title='bbox 1190 2081 1560 2140; x_wconf 89' lang='lat' dir='ltr'><strong>consulatum</strong></span> <span class='ocrx_word' id='word_1_160' title='bbox 1601 2092 1661 2141; x_wconf 92' lang='lat' dir='ltr'><strong>et</strong></span> <span class='ocrx_word' id='word_1_161' title='bbox 1700 2083 2065 2159; x_wconf 90' lang='lat' dir='ltr'><strong>triumphalia</strong></span> <span class='ocrx_word' id='word_1_162' title='bbox 2106 2083 2181 2141; x_wconf 90' lang='lat' dir='ltr'><strong>de</strong></span> <span class='ocrx_word' id='word_1_163' title='bbox 2223 2081 2394 2141; x_wconf 89' lang='lat' dir='ltr'><strong>Getis</strong></span> 
     </span>
     <span class='ocr_line' id='line_1_20' title="bbox 389 2174 2393 2256; baseline 0.001 -22"><span class='ocrx_word' id='word_1_164' title='bbox 389 2178 604 2253; x_wconf 88' lang='lat' dir='ltr'><strong>gloriae</strong></span> <span class='ocrx_word' id='word_1_165' title='bbox 633 2177 814 2235; x_wconf 89' lang='lat' dir='ltr'><strong>fuerat</strong></span> <span class='ocrx_word' id='word_1_166' title='bbox 841 2177 991 2235; x_wconf 88' lang='lat' dir='ltr'><strong>bene</strong></span> <span class='ocrx_word' id='word_1_167' title='bbox 1029 2175 1268 2236; x_wconf 90' lang='lat' dir='ltr'><strong>tolerata</strong></span> <span class='ocrx_word' id='word_1_168' title='bbox 1304 2189 1630 2255; x_wconf 90' lang='lat' dir='ltr'><strong>paupertas,</strong></span> <span class='ocrx_word' id='word_1_169' title='bbox 1659 2179 1794 2238; x_wconf 90' lang='lat' dir='ltr'><strong>dein</strong></span> <span class='ocrx_word' id='word_1_170' title='bbox 1830 2174 2082 2255; x_wconf 84' lang='lat' dir='ltr'><strong>magnae</strong></span> <span class='ocrx_word' id='word_1_171' title='bbox 2117 2197 2261 2256; x_wconf 87' lang='lat' dir='ltr'><strong>opes</strong></span> <span class='ocrx_word' id='word_1_172' title='bbox 2303 2181 2393 2237; x_wconf 91' lang='lat' dir='ltr'><strong>in-</strong></span> 
     </span>
    </p>

    <p class='ocr_par' dir='ltr' id='par_1_7' title="bbox 313 2275 2450 2742">
     <span class='ocr_line' id='line_1_21' title="bbox 313 2275 2450 2350; baseline -0.002 -16"><span class='ocrx_word' id='word_1_173' title='bbox 313 2301 370 2334; x_wconf 87' lang='lat'><strong>20</strong></span> <span class='ocrx_word' id='word_1_174' title='bbox 387 2283 662 2335; x_wconf 88' lang='lat' dir='ltr'><strong>nocenter</strong></span> <span class='ocrx_word' id='word_1_175' title='bbox 717 2282 914 2350; x_wconf 89' lang='lat' dir='ltr'><strong>partae</strong></span> <span class='ocrx_word' id='word_1_176' title='bbox 967 2283 1024 2332; x_wconf 90' lang='lat' dir='ltr'><strong>et</strong></span> <span class='ocrx_word' id='word_1_177' title='bbox 1077 2275 1340 2334; x_wconf 89' lang='lat' dir='ltr'><strong>modeste</strong></span> <span class='ocrx_word' id='word_1_178' title='bbox 1395 2276 1639 2336; x_wconf 88' lang='lat' dir='ltr'><strong>habitae.</strong></span> <span class='ocrx_word' id='word_1_179' title='bbox 1723 2277 2048 2336; x_wconf 89' lang='lat' dir='ltr'><strong>Domitium</strong></span> <span class='ocrx_word' id='word_1_180' title='bbox 2097 2275 2394 2335; x_wconf 89' lang='lat' dir='ltr'><strong>decoravit</strong></span> <span class='ocrx_word' id='word_1_181' title='bbox 2416 2285 2450 2330; x_wconf 78' lang='lat'>2</span> 
     </span>
     <span class='ocr_line' id='line_1_22' title="bbox 386 2371 2393 2451; baseline -0 -19"><span class='ocrx_word' id='word_1_182' title='bbox 386 2385 551 2450; x_wconf 90' lang='lat' dir='ltr'><strong>pater</strong></span> <span class='ocrx_word' id='word_1_183' title='bbox 588 2372 735 2431; x_wconf 92' lang='lat' dir='ltr'><strong>civili</strong></span> <span class='ocrx_word' id='word_1_184' title='bbox 773 2371 923 2431; x_wconf 93' lang='lat' dir='ltr'><strong>bello</strong></span> <span class='ocrx_word' id='word_1_185' title='bbox 965 2372 1138 2430; x_wconf 90' lang='lat' dir='ltr'><strong>maris</strong></span> <span class='ocrx_word' id='word_1_186' title='bbox 1179 2382 1407 2449; x_wconf 91' lang='lat' dir='ltr'><strong>potens,</strong></span> <span class='ocrx_word' id='word_1_187' title='bbox 1438 2373 1628 2433; x_wconf 90' lang='lat' dir='ltr'><strong>donec</strong></span> <span class='ocrx_word' id='word_1_188' title='bbox 1654 2374 1896 2433; x_wconf 89' lang='lat' dir='ltr'><strong>Antonii</strong></span> <span class='ocrx_word' id='word_1_189' title='bbox 1937 2375 2211 2451; x_wconf 89' lang='lat' dir='ltr'><strong>partibus,</strong></span> <span class='ocrx_word' id='word_1_190' title='bbox 2248 2391 2393 2431; x_wconf 85' lang='lat' dir='ltr'><strong>mox</strong></span> 
     </span>
     <span class='ocr_line' id='line_1_23' title="bbox 387 2469 2392 2549; baseline -0.001 -19"><span class='ocrx_word' id='word_1_191' title='bbox 387 2472 660 2531; x_wconf 81' lang='lat' dir='ltr'><strong>Caesaris·</strong></span> <span class='ocrx_word' id='word_1_192' title='bbox 699 2469 1049 2528; x_wconf 85' lang='lat' dir='ltr'><strong>miSceretur.</strong></span> <span class='ocrx_word' id='word_1_193' title='bbox 1133 2487 1272 2528; x_wconf 91' lang='lat' dir='ltr'><strong>avus</strong></span> <span class='ocrx_word' id='word_1_194' title='bbox 1314 2470 1641 2529; x_wconf 87' lang='lat' dir='ltr'><strong>Pharsalica</strong></span> <span class='ocrx_word' id='word_1_195' title='bbox 1681 2473 1804 2531; x_wconf 91' lang='lat' dir='ltr'><strong>acie</strong></span> <span class='ocrx_word' id='word_1_196' title='bbox 1845 2490 1952 2548; x_wconf 90' lang='lat' dir='ltr'><strong>pro</strong></span> <span class='ocrx_word' id='word_1_197' title='bbox 1994 2472 2392 2549; x_wconf 91' lang='lat' dir='ltr'><strong>optumatibus</strong></span> 
     </span>
     <span class='ocr_line' id='line_1_24' title="bbox 388 2568 2448 2644; baseline -0.001 -16"><span class='ocrx_word' id='word_1_198' title='bbox 388 2569 687 2629; x_wconf 91' lang='lat' dir='ltr'><strong>ceciderat.</strong></span> <span class='ocrx_word' id='word_1_199' title='bbox 769 2569 893 2644; x_wconf 91' lang='lat' dir='ltr'><strong>ipse</strong></span> <span class='ocrx_word' id='word_1_200' title='bbox 927 2568 1184 2627; x_wconf 87' lang='lat' dir='ltr'><strong>delectus</strong></span> <span class='ocrx_word' id='word_1_201' title='bbox 1227 2569 1322 2627; x_wconf 89' lang='lat' dir='ltr'><strong>cui</strong></span> <span class='ocrx_word' id='word_1_202' title='bbox 1355 2569 1543 2628; x_wconf 91' lang='lat' dir='ltr'><strong>minor</strong></span> <span class='ocrx_word' id='word_1_203' title='bbox 1568 2568 1845 2641; x_wconf 90' lang='lat' dir='ltr'><strong>Antonia,</strong></span> <span class='ocrx_word' id='word_1_204' title='bbox 1890 2568 2133 2628; x_wconf 85' lang='lat' dir='ltr'><strong>Octavia</strong></span> <span class='ocrx_word' id='word_1_205' title='bbox 2171 2569 2389 2643; x_wconf 88' lang='lat' dir='ltr'><strong>genita,</strong></span> <span class='ocrx_word' id='word_1_206' title='bbox 2414 2579 2448 2626; x_wconf 79' lang='lat'>8</span> 
     </span>
     <span class='ocr_line' id='line_1_25' title="bbox 385 2666 2391 2742; baseline -0.001 -17"><span class='ocrx_word' id='word_1_207' title='bbox 385 2668 445 2725; x_wconf 90' lang='lat' dir='ltr'><strong>in</strong></span> <span class='ocrx_word' id='word_1_208' title='bbox 492 2667 921 2725; x_wconf 89' lang='lat' dir='ltr'><strong>matrimonium</strong></span> <span class='ocrx_word' id='word_1_209' title='bbox 966 2666 1208 2737; x_wconf 88' lang='lat' dir='ltr'><strong>daretur,</strong></span> <span class='ocrx_word' id='word_1_210' title='bbox 1250 2674 1388 2742; x_wconf 91' lang='lat' dir='ltr'><strong>post</strong></span> <span class='ocrx_word' id='word_1_211' title='bbox 1435 2667 1693 2726; x_wconf 84' lang='lat' dir='ltr'><strong>exercitu</strong></span> <span class='ocrx_word' id='word_1_212' title='bbox 1731 2667 1950 2725; x_wconf 89' lang='lat' dir='ltr'><strong>fiumen</strong></span> <span class='ocrx_word' id='word_1_213' title='bbox 1997 2666 2194 2725; x_wconf 90' lang='lat' dir='ltr'><strong>Albim</strong></span> <span class='ocrx_word' id='word_1_214' title='bbox 2236 2675 2391 2724; x_wconf 83' lang='lat' dir='ltr'><strong>tran-</strong></span> 
     </span>
    </p>

    <p class='ocr_par' dir='ltr' id='par_1_8' title="bbox 310 2763 2450 3233">
     <span class='ocr_line' id='line_1_26' title="bbox 310 2763 2389 2842; baseline -0.002 -16"><span class='ocrx_word' id='word_1_215' title='bbox 310 2792 366 2839; x_wconf 85' lang='lat'><strong>25</strong></span> <span class='ocrx_word' id='word_1_216' title='bbox 388 2765 624 2836; x_wconf 90' lang='lat' dir='ltr'><strong>scendit,</strong></span> <span class='ocrx_word' id='word_1_217' title='bbox 654 2763 882 2839; x_wconf 86' lang='lat' dir='ltr'><strong>longius</strong></span> <span class='ocrx_word' id='word_1_218' title='bbox 908 2773 1206 2840; x_wconf 90' lang='lat' dir='ltr'><strong>penetrata</strong></span> <span class='ocrx_word' id='word_1_219' title='bbox 1235 2763 1553 2823; x_wconf 90' lang='lat' dir='ltr'><strong>Germania</strong></span> <span class='ocrx_word' id='word_1_220' title='bbox 1580 2782 1757 2842; x_wconf 88' lang='lat' dir='ltr'><strong>quam</strong></span> <span class='ocrx_word' id='word_1_221' title='bbox 1779 2765 2083 2842; x_wconf 89' lang='lat' dir='ltr'><strong>quisquam</strong></span> <span class='ocrx_word' id='word_1_222' title='bbox 2109 2764 2389 2841; x_wconf 87' lang='lat' dir='ltr'><strong>priorum,</strong></span> 
     </span>
     <span class='ocr_line' id='line_1_27' title="bbox 385 2860 2450 2940; baseline -0.001 -17"><span class='ocrx_word' id='word_1_223' title='bbox 385 2882 598 2940; x_wconf 90' lang='lat' dir='ltr'><strong>easque</strong></span> <span class='ocrx_word' id='word_1_224' title='bbox 626 2864 706 2921; x_wconf 92' lang='lat' dir='ltr'><strong>ob</strong></span> <span class='ocrx_word' id='word_1_225' title='bbox 732 2879 825 2921; x_wconf 89' lang='lat' dir='ltr'><strong>res</strong></span> <span class='ocrx_word' id='word_1_226' title='bbox 851 2863 1103 2938; x_wconf 86' lang='lat' dir='ltr'><strong>insignia</strong></span> <span class='ocrx_word' id='word_1_227' title='bbox 1128 2863 1401 2939; x_wconf 91' lang='lat' dir='ltr'><strong>triumphi</strong></span> <span class='ocrx_word' id='word_1_228' title='bbox 1430 2862 1673 2940; x_wconf 89' lang='lat' dir='ltr'><strong>adeptus</strong></span> <span class='ocrx_word' id='word_1_229' title='bbox 1714 2872 1818 2922; x_wconf 89' lang='lat' dir='ltr'><strong>est.</strong></span> <span class='ocrx_word' id='word_1_230' title='bbox 1897 2863 2042 2922; x_wconf 92' lang='lat' dir='ltr'><strong>obiit</strong></span> <span class='ocrx_word' id='word_1_231' title='bbox 2073 2872 2133 2921; x_wconf 89' lang='lat' dir='ltr'><strong>et</strong></span> <span class='ocrx_word' id='word_1_232' title='bbox 2163 2860 2232 2921; x_wconf 93' lang='lat' dir='ltr'><strong>L.</strong></span> <span class='ocrx_word' id='word_1_233' title='bbox 2262 2864 2391 2922; x_wconf 89' lang='lat' dir='ltr'><strong>An·</strong></span> <span class='ocrx_word' id='word_1_234' title='bbox 2414 2876 2450 2921; x_wconf 76' lang='lat'><em>4</em></span> 
     </span>
     <span class='ocr_line' id='line_1_28' title="bbox 385 2959 2447 3038; baseline -0 -17"><span class='ocrx_word' id='word_1_235' title='bbox 385 2963 593 3033; x_wconf 91' lang='lat' dir='ltr'><strong>tonius,</strong></span> <span class='ocrx_word' id='word_1_236' title='bbox 622 2961 802 3019; x_wconf 87' lang='lat' dir='ltr'><strong>multa</strong></span> <span class='ocrx_word' id='word_1_237' title='bbox 828 2959 1166 3019; x_wconf 88' lang='lat' dir='ltr'><strong>claritudine</strong></span> <span class='ocrx_word' id='word_1_238' title='bbox 1192 2961 1441 3037; x_wconf 89' lang='lat' dir='ltr'><strong>generis,</strong></span> <span class='ocrx_word' id='word_1_239' title='bbox 1472 2960 1575 3019; x_wconf 90' lang='lat' dir='ltr'><strong>sed</strong></span> <span class='ocrx_word' id='word_1_240' title='bbox 1603 2962 1961 3037; x_wconf 89' lang='lat' dir='ltr'><strong>inprospera.</strong></span> <span class='ocrx_word' id='word_1_241' title='bbox 2047 2977 2185 3019; x_wconf 86' lang='lat' dir='ltr'><strong>nam</strong></span> <span class='ocrx_word' id='word_1_242' title='bbox 2225 2972 2391 3038; x_wconf 89' lang='lat' dir='ltr'><strong>patre</strong></span> <span class='ocrx_word' id='word_1_243' title='bbox 2414 2972 2447 3020; x_wconf 78' lang='lat'><strong>5</strong></span> 
     </span>
     <span class='ocr_line' id='line_1_29' title="bbox 386 3057 2391 3135; baseline -0 -16"><span class='ocrx_word' id='word_1_244' title='bbox 386 3063 509 3120; x_wconf 90' lang='lat' dir='ltr'><strong>eius</strong></span> <span class='ocrx_word' id='word_1_245' title='bbox 549 3059 678 3118; x_wconf 92' lang='lat' dir='ltr'><strong>Iulo</strong></span> <span class='ocrx_word' id='word_1_246' title='bbox 717 3058 979 3118; x_wconf 91' lang='lat' dir='ltr'><strong>Antonio</strong></span> <span class='ocrx_word' id='word_1_247' title='bbox 1022 3058 1104 3117; x_wconf 92' lang='lat' dir='ltr'><strong>ob</strong></span> <span class='ocrx_word' id='word_1_248' title='bbox 1145 3059 1484 3118; x_wconf 90' lang='lat' dir='ltr'><strong>adulterium</strong></span> <span class='ocrx_word' id='word_1_249' title='bbox 1523 3057 1705 3117; x_wconf 89' lang='lat' dir='ltr'><strong>Iuliae</strong></span> <span class='ocrx_word' id='word_1_250' title='bbox 1747 3069 1933 3117; x_wconf 88' lang='lat' dir='ltr'><strong>morte</strong></span> <span class='ocrx_word' id='word_1_251' title='bbox 1980 3058 2185 3135; x_wconf 90' lang='lat' dir='ltr'><strong>punito</strong></span> <span class='ocrx_word' id='word_1_252' title='bbox 2232 3058 2391 3118; x_wconf 90' lang='lat' dir='ltr'><strong>hunc</strong></span> 
     </span>
     <span class='ocr_line' id='line_1_30' title="bbox 385 3155 2390 3233; baseline -0 -17"><span class='ocrx_word' id='word_1_253' title='bbox 385 3158 703 3217; x_wconf 89' lang='lat' dir='ltr'><strong>admodum</strong></span> <span class='ocrx_word' id='word_1_254' title='bbox 729 3155 1237 3227; x_wconf 87' lang='lat' dir='ltr'><strong>adulescentulum,</strong></span> <span class='ocrx_word' id='word_1_255' title='bbox 1266 3156 1478 3216; x_wconf 90' lang='lat' dir='ltr'><strong>sororis</strong></span> <span class='ocrx_word' id='word_1_256' title='bbox 1505 3165 1797 3233; x_wconf 90' lang='lat' dir='ltr'><strong>nepotem,</strong></span> <span class='ocrx_word' id='word_1_257' title='bbox 1816 3156 2074 3233; x_wconf 92' lang='lat' dir='ltr'><strong>seposuit</strong></span> <span class='ocrx_word' id='word_1_258' title='bbox 2087 3156 2390 3232; x_wconf 86' lang='lat' dir='ltr'><strong>Augustus</strong></span> 
     </span>
    </p>

    <p class='ocr_par' dir='ltr' id='par_1_9' title="bbox 307 3252 2443 3431">
     <span class='ocr_line' id='line_1_31' title="bbox 307 3252 2386 3331; baseline -0.001 -17"><span class='ocrx_word' id='word_1_259' title='bbox 307 3279 369 3329; x_wconf 81' lang='lat'><strong>30</strong></span> <span class='ocrx_word' id='word_1_260' title='bbox 382 3258 444 3314; x_wconf 91' lang='lat' dir='ltr'><strong>in</strong></span> <span class='ocrx_word' id='word_1_261' title='bbox 472 3258 755 3316; x_wconf 89' lang='lat' dir='ltr'><strong>civitatem</strong></span> <span class='ocrx_word' id='word_1_262' title='bbox 782 3252 1222 3325; x_wconf 90' lang='lat' dir='ltr'><strong>Massiliensem,</strong></span> <span class='ocrx_word' id='word_1_263' title='bbox 1248 3255 1348 3313; x_wconf 91' lang='lat' dir='ltr'><strong>ubi</strong></span> <span class='ocrx_word' id='word_1_264' title='bbox 1375 3255 1586 3331; x_wconf 90' lang='lat' dir='ltr'><strong>specie·</strong></span> <span class='ocrx_word' id='word_1_265' title='bbox 1613 3253 1933 3312; x_wconf 89' lang='lat' dir='ltr'><strong>studiorum</strong></span> <span class='ocrx_word' id='word_1_266' title='bbox 1970 3271 2190 3313; x_wconf 90' lang='lat' dir='ltr'><strong>nomen</strong></span> <span class='ocrx_word' id='word_1_267' title='bbox 2229 3252 2386 3312; x_wconf 85' lang='lat' dir='ltr'><strong>exilii</strong></span> 
     </span>
     <span class='ocr_line' id='line_1_32' title="bbox 386 3351 2443 3431; baseline -0.002 -18"><span class='ocrx_word' id='word_1_268' title='bbox 386 3364 684 3431; x_wconf 87' lang='lat' dir='ltr'><strong>tegeretur.</strong></span> <span class='ocrx_word' id='word_1_269' title='bbox 771 3353 1000 3413; x_wconf 89' lang='lat' dir='ltr'><strong>habitus</strong></span> <span class='ocrx_word' id='word_1_270' title='bbox 1043 3361 1240 3411; x_wconf 88' lang='lat' dir='ltr'><strong>tamen</strong></span> <span class='ocrx_word' id='word_1_271' title='bbox 1289 3353 1575 3430; x_wconf 87' lang='lat' dir='ltr'><strong>supremis</strong></span> <span class='ocrx_word' id='word_1_272' title='bbox 1622 3352 1827 3423; x_wconf 90' lang='lat' dir='ltr'><strong>honor,</strong></span> <span class='ocrx_word' id='word_1_273' title='bbox 1870 3368 2118 3429; x_wconf 90' lang='lat' dir='ltr'><strong>ossaque</strong></span> <span class='ocrx_word' id='word_1_274' title='bbox 2161 3351 2386 3410; x_wconf 86' lang='lat' dir='ltr'><strong>tumulo</strong></span> <span class='ocrx_word' id='word_1_275' title='bbox 2409 3361 2443 3408; x_wconf 76' lang='grc' dir='ltr'><strong>Θ</strong></span> 
     </span>
    </p>
   </div>
   <div class='ocr_carea' id='block_1_3' title="bbox 384 3448 2386 3624">
    <p class='ocr_par' dir='ltr' id='par_1_10' title="bbox 384 3448 2386 3624">
     <span class='ocr_line' id='line_1_33' title="bbox 384 3448 1694 3528; baseline -0.002 -16"><span class='ocrx_word' id='word_1_276' title='bbox 384 3452 761 3512; x_wconf 90' lang='lat' dir='ltr'><strong>Octaviorum</strong></span> <span class='ocrx_word' id='word_1_277' title='bbox 786 3452 962 3510; x_wconf 88' lang='lat' dir='ltr'><strong>inlata</strong></span> <span class='ocrx_word' id='word_1_278' title='bbox 988 3469 1094 3528; x_wconf 89' lang='lat' dir='ltr'><strong>per</strong></span> <span class='ocrx_word' id='word_1_279' title='bbox 1121 3448 1417 3509; x_wconf 90' lang='lat' dir='ltr'><strong>decretum</strong></span> <span class='ocrx_word' id='word_1_280' title='bbox 1444 3461 1694 3509; x_wconf 79' lang='lat' dir='ltr'><strong>senatuS.</strong></span> 
     </span>
     <span class='ocr_line' id='line_1_34' title="bbox 465 3544 2386 3624; baseline -0.002 -16"><span class='ocrx_word' id='word_1_281' title='bbox 465 3554 569 3608; x_wconf 76' lang='lat'><strong>45.</strong></span> <span class='ocrx_word' id='word_1_282' title='bbox 612 3548 809 3607; x_wconf 92' lang='lat' dir='ltr'><strong>Isdem</strong></span> <span class='ocrx_word' id='word_1_283' title='bbox 844 3547 1177 3606; x_wconf 90' lang='lat' dir='ltr'><strong>consulibus</strong></span> <span class='ocrx_word' id='word_1_284' title='bbox 1218 3547 1443 3606; x_wconf 87' lang='lat' dir='ltr'><strong>facinus</strong></span> <span class='ocrx_word' id='word_1_285' title='bbox 1484 3556 1647 3606; x_wconf 85' lang='lat' dir='ltr'><strong>atrox</strong></span> <span class='ocrx_word' id='word_1_286' title='bbox 1689 3546 1751 3604; x_wconf 86' lang='lat' dir='ltr'><strong>in</strong></span> <span class='ocrx_word' id='word_1_287' title='bbox 1793 3546 2054 3606; x_wconf 89' lang='lat' dir='ltr'><strong>citeriore</strong></span> <span class='ocrx_word' id='word_1_288' title='bbox 2096 3544 2386 3624; x_wconf 83' lang='lat' dir='ltr'><strong>Hispania</strong></span> 
     </span>
    </p>
   </div>
  </div>
 </body>
</html>
