2594 3925
407 211 495 267 ‘88
865 217 1228 268 CORNELII
1269 219 1358 267 TA
1370 219 1529 268 ειη
1563 218 1984 269 ANNALJUM
2057 207 2268 292 [rme.
2299 222 2407 285 7⁶9·

420 391 599 434 vacua
633 385 771 434 tunc
810 375 1071 453 interque
1113 375 1457 436 Parthorum
1498 386 1558 436 et
1591 376 1892 437 Romanas
1933 396 2078 455 opes
2113 378 2294 437 infida
2333 380 2414 438 ob

419 472 605 533 scelus
651 474 908 545 Antonii,
956 476 1054 551 qui
1103 474 1463 535 Artavasden
1516 494 1713 551 regem
1761 474 2168 535 Armeniorum
2216 477 2416 553 specie

417 571 697 631 amicitiae
739 572 1030 644 inlectum‚
1070 572 1205 632 dein
1240 572 1458 632 catenis
1494 583 1814 644 oneratum,
1852 585 2147 652 postremo
2183 574 2418 634 interfe-

417 681 587 729 cerat.
671 671 792 729 eius
840 670 989 730 filius
1036 670 1323 741 ArtaxiaS‚
1373 672 1654 730 memoria
1699 672 1874 749 patris
1920 673 2090 732 nobis
2137 672 2419 744 infensus,
2445 688 2476 733 3

363 789 390 839 5
412 767 817 828 Arsacidarum
843 770 899 828 vi
933 787 1110 846 seque
1142 787 1500 847 regnumque
1534 778 1744 830 tutatus
1773 779 1875 830 est.
1945 772 2142 830 occiso
2171 770 2422 830 Artaxia
2443 784 2481 830 4

415 886 519 944 per
544 867 742 926 dolum
769 868 1244 945 propinquorum,
1267 868 1437 927 datus
1464 886 1499 926 a
1528 867 1777 928 Caesare
1805 867 2094 941 Armeniis
2123 868 2423 944 Tigranes

416 965 807 1042 deductusque
845 966 907 1024 in
939 984 1187 1042 regnum
1215 985 1251 1025 a
1278 965 1519 1025 Tiberio
1559 966 1809 1026 Nerone.
1881 985 1990 1025 nec
2018 966 2262 1044 Tigrani
2290 967 2422 1025 diu·
2447 981 2481 1027 5

417 1073 647 1122 turnum
679 1064 983 1141 imperium
1021 1064 1123 1123 fuit
1162 1082 1353 1140 neque
1394 1064 1582 1124 liberis
1622 1066 1759 1137 eius,
1794 1082 2147 1143 quamquam
2184 1065 2424 1125 sociatis

415 1179 578 1221 more
606 1171 845 1221 externo
872 1162 934 1219 in
961 1162 1396 1220 matrimonium
1422 1181 1799 1241 regnumque.

344 1283 400 1318 ιο
495 1265 558 1319 4.
601 1258 757 1318 Dein
805 1260 963 1319 iussu
1002 1258 1251 1336 Augusti
1297 1260 1582 1336 inpositus
1623 1262 1970 1322 Artavasdes
2011 1271 2068 1322 et
2114 1279 2238 1322 non
2289 1262 2420 1321 sine

416 1357 578 1417 clade
614 1367 810 1417 nostra
846 1358 1115 1417 deiectus.
1201 1367 1326 1416 tum
1362 1357 1544 1418 Gaius
1582 1358 1795 1419 Caesar
1831 1360 2275 1437 componendae
2305 1359 2421 1417 Ar-
2446 1376 2483 1422 a

414 1457 641 1515 meniae
687 1456 966 1532 deligitur.
1048 1458 1098 1515 is
1136 1455 1592 1529 Ariobarzanen,
1636 1458 1858 1535 origine
1905 1457 2163 1529 Medum,
2207 1459 2289 1517 ob
2329 1458 2422 1515 in-

416 1555 643 1631 signem
686 1555 945 1631 corporis
987 1553 1234 1613 formam
1283 1563 1343 1613 et
1389 1556 1748 1632 praeclarum
1791 1556 2050 1615 animum
2090 1556 2422 1615 volentibus

414 1652 700 1711 Armeniis
727 1651 1014 1729 praefecit.
1056 1652 1449 1712 Ariobarzane
1477 1663 1665 1713 morte
1694 1653 1923 1713 fortuita
1950 1655 2259 1730 absumpto
2293 1653 2422 1712 stir-
2449 1671 2485 1717 3

343 1775 398 1825 15
417 1769 554 1829 pem
586 1752 707 1809 eius
744 1750 900 1810 haud
932 1751 1278 1824 toleravere3
1322 1761 1719 1829 temptatoque
1754 1751 2001 1811 feminae
2034 1751 2296 1829 imperi0,
2327 1752 2425 1810 cui

415 1868 634 1909 nomen
675 1848 868 1920 Erato,
912 1866 1095 1924 eaque
1137 1849 1295 1908 brevi
1337 1849 1521 1926 pulsa,
1562 1850 1762 1910 incerti
1805 1850 2085 1930 solutique
2127 1858 2185 1908 et
2225 1850 2425 1924 magis

417 1950 540 2010 sine
567 1948 809 2009 domino
837 1966 1014 2026 quam
1041 1947 1101 2005 in
1134 1948 1395 2008 libertate
1422 1946 1733 2026 profugum
1761 1948 2055 2009 Vononen
2081 1949 2142 2007 in
2170 1966 2424 2025 regnum

417 2048 720 2125 accipiunt.
795 2046 898 2106 sed
937 2047 1038 2105 ubi
1079 2046 1330 2105 minitari
1368 2047 1693 2107 Artabanus
1733 2056 1792 2106 et
1831 2066 2037 2124 pamm
2078 2046 2316 2106 subsidii
2358 2048 2424 2104 in
2449 2061 2489 2107 4

416 2146 723 2215 Armeniis,
752 2145 859 2218 vel,
891 2146 939 2203 si
966 2153 1167 2203 nostra
1193 2145 1248 2202 vi
1283 2144 1701 2217 defenderetur,
1730 2145 1946 2205 bellum
1979 2145 2250 2205 adversus
2278 2143 2424 2203 Par-

340 2268 399 2302 20
415 2244 546 2302 thos
583 2243 929 2303 sumendum
964 2251 1100 2314 erat,
1127 2252 1318 2302 rector
1357 2243 1556 2303 Suriae
1591 2243 1849 2303 Creticus
1891 2242 2119 2303 Silanus
2156 2242 2421 2302 excitum

417 2343 680 2401 custodia
709 2341 1039 2412 circumdat,
1069 2351 1343 2400 manente
1377 2341 1515 2400 luxu
1543 2351 1602 2401 et
1628 2342 1791 2418 regio
1820 2343 2074 2400 nomine.
2144 2340 2306 2418 quod
2333 2341 2422 2398 lu·
2448 2358 2486 2406 5

417 2440 661 2499 dibrium
680 2448 751 2509 ut
777 2439 1030 2515 effugere
1060 2439 1356 2515 agitaverit
1377 2439 1680 2510 Vonones,
1709 2440 1771 2497 in
1797 2440 1931 2499 loco
1959 2439 2286 2498 reddemus

498 2547 558 2600 5.
615 2538 887 2597 Ceterum
941 2537 1178 2597 Tiberio
1234 2536 1393 2596 haud
1450 2538 1738 2614 ingratum
1793 2537 2001 2597 accidit
2056 2536 2270 2596 turbari
2325 2554 2422 2596 res

414 2637 665 2709 orientis,
708 2646 771 2695 ut
812 2655 882 2695 ea
924 2635 1116 2713 specie
1159 2635 1576 2696 Germanicum
1618 2636 1791 2696 suetis
1833 2636 2154 2712 legionibus
2194 2636 2420 2694 abstra-

339 2761 395 2810 25
414 2737 577 2796 heret
621 2736 900 2811 novisque
949 2735 1258 2812 provinciis
1312 2736 1626 2812 inpositum
1675 2733 1812 2793 dolo
1866 2734 2032 2794 simul
2081 2743 2139 2792 et
2187 2732 2420 2815 casibus

414 2836 741 2896 obiectaret.
811 2844 870 2892 at
907 2833 1018 2904 ille,
1052 2842 1268 2910 quanto
1310 2833 1532 2892 acriora
1570 2833 1632 2891 in
1672 2849 1807 2890 eum
1849 2831 2034 2891 studia
2075 2831 2319 2889 militum
2362 2836 2422 2890 et
2447 2849 2484 2895 2

415 2951 614 2994 aversa
649 2933 836 3010 patrui
869 2931 1149 3015 voluntaS,
1180 2931 1521 2991 celerandae
1554 2930 1821 2990 victoriae
1858 2929 2144 3000 intentior,
2174 2938 2421 2988 tractare

415 3033 766 3110 proeliorum
790 3030 922 3117 fias
954 3040 1013 3088 et
1045 3047 1193 3106 quae
1233 3031 1343 3089 sibi
1386 3029 1614 3089 tertium
1650 3030 1767 3088 iam
1804 3046 2024 3087 annum
2059 3027 2418 3105 belligeranti

417 3131 584 3191 saeva
611 3129 701 3189 vel
734 3147 1010 3206 prospera
1043 3129 1379 3188 evenissent.
1468 3127 1632 3187 fundi
1661 3126 1986 3187 Germanos
2014 3125 2136 3186 acie
2164 3135 2223 3184 et
2254 3126 2418 3185 iustis
2447 3142 2484 3189 8

341 3251 401 3300 30
419 3230 580 3300 lociS,
637 3228 809 3287 iuvari
863 3226 1029 3297 silviS,
1080 3226 1401 3303 paludibuS‚
1458 3226 1618 3285 brevi
1673 3234 1886 3285 aestate
1943 3233 2001 3283 et
2054 3202 2420 3301 praematura

418 3327 640 3398 hieme3
685 3343 852 3384 suum
892 3325 1132 3383 militem
1172 3324 1326 3383 haud
1369 3323 1611 3401 perinde
1642 3323 1968 3382 vulneribus
2003 3340 2178 3399 quam
2218 3323 2418 3399 spatiis

419 3425 703 3495 itinerum,
733 3423 951 3482 damno
988 3440 1279 3481 armorum
1309 3422 1478 3482 adfici
1495 3441 1512 3494 3
1556 3408 1741 3481 fessas
1772 3419 1989 3480 Gallias
2024 3419 2419 3479 ministrandis

421 3524 613 3599 equis;
655 3522 898 3596 longum
936 3521 1483 3598 impedimentorum
1525 3536 1738 3595 agmen
1776 3528 2170 3595 opportunum
2211 3516 2288 3577 ad
2325 3516 2418 3577 in-
