2594 3925
361 229 437 300 98
810 231 1172 281 CORNELII
1213 230 1305 280 TA
1316 231 1395 283 CI
1393 231 1478 281 TI
1506 230 1932 286 ANNALJUM
2005 219 2086 303 [A.
2096 240 2155 283 U.
2165 240 2217 282 c.
2252 230 2370 295 769.

360 398 492 467 post
533 397 822 449 constrata
863 406 1144 466 equorum
1185 387 1549 465 virorumque
1589 390 1929 468 corporibus
1968 388 2133 449 litora
2159 389 2373 449 eadem

359 488 578 559 virtute,
608 487 730 563 pari
756 486 969 547 ferocia
995 498 1052 546 et
1078 486 1230 545 velut
1259 487 1411 545 aucti
1439 506 1681 548 numero
1716 488 2081 564 inrupissent.

442 591 545 646 26.
587 584 883 646 Reductus
937 585 1075 645 inde
1134 585 1195 641 in
1242 583 1484 644 hiberna
1526 586 1709 659 miles,
1755 587 1940 645 laetus
1985 585 2170 678 animi.
2209 585 2375 662 quod

362 684 600 743 adversa
665 683 839 742 maris
914 682 1282 760 expeditione
1337 702 1617 761 prospera
1673 685 2044 762 pensavisset.
2148 684 2377 742 addidit

309 805 336 856 5
359 782 809 841 munificentiam
857 781 1091 852 Caesar,
1137 789 1418 858 quantum
1463 782 1590 868 quis
1642 782 1839 842 damni
1883 782 2180 859 professus
2230 790 2374 850 erat,

363 880 731 941 exsolvenda
814 898 923 939 nec
966 879 1206 939 dubium
1245 871 1563 939 habebatur
1590 880 1786 939 labare
1812 881 2008 940 hostes
2050 880 2375 957 petendae-
2400 888 2433 933 2

363 997 476 1057 que
524 980 687 1056 pacis
730 978 967 1038 consilia
1013 996 1256 1051 sumere,
1304 987 1361 1037 et
1404 978 1453 1037 si
1497 979 1761 1056 proxima
1802 988 1990 1038 aestas
2034 978 2374 1050 adiceretur,

361 1096 536 1155 posse
562 1077 774 1136 bellum
808 1069 1034 1169 patrari.
1116 1076 1220 1135 sed
1261 1076 1478 1164 crebris
1511 1077 1767 1154 epistulis
1793 1077 2065 1136 Tiberius
2091 1078 2374 1136 monebat
2399 1086 2431 1131 3

364 1176 572 1235 rediret
619 1175 694 1234 ad
734 1174 1027 1234 decretum
1073 1174 1464 1251 triumphum:
1491 1161 1659 1234 „satis
1708 1177 1824 1234 iam
1865 1185 2188 1246 eventuum,
2232 1176 2374 1234 satis

290 1297 350 1333 10
366 1291 623 1333 casuum.
706 1291 993 1350 prospera
1023 1272 1101 1330 illi
1130 1283 1187 1332 et
1218 1291 1435 1350 magna
1461 1274 1703 1351 proelia:
1750 1292 1954 1333 eorum
1983 1279 2216 1350 quoque
2227 1291 2373 1348 dme-

364 1371 641 1442 minisset,
662 1389 808 1447 quae
837 1371 990 1430 venti
1018 1380 1076 1430 et
1102 1371 1327 1444 fluctuS,
1357 1372 1514 1431 nulla
1543 1372 1709 1431 ducis
1738 1373 1921 1448 culpa,
1952 1372 2145 1449 gravia
2173 1381 2374 1430 tamen

365 1477 423 1527 et
474 1486 647 1527 saeva
686 1468 899 1528 damna
939 1469 1275 1529 intulissent.
1356 1483 1422 1529 se
1465 1470 1705 1530 noviens
1749 1489 1785 1529 a
1824 1470 1958 1529 divo
2000 1469 2270 1545 Augusto
2313 1469 2373 1526 in

369 1566 744 1643 Germaniam
783 1568 1024 1627 missum
1064 1568 1229 1645 plura
1269 1569 1513 1629 consilio
1557 1588 1735 1646 quam
1775 1570 1831 1626 vi
1874 1568 2202 1645 perfecisse.
2287 1567 2373 1626 sic

369 1666 722 1743 Sugambros
778 1666 837 1723 in
892 1666 1244 1726 deditionem
1308 1678 1598 1745 acceptOS,
1650 1669 1735 1727 sic
1782 1667 2005 1727 Suebos
2060 1683 2373 1743 regemque

293 1788 350 1838 15
371 1765 802 1824 Maroboduum
822 1783 968 1841 pace
990 1766 1344 1838 obstrictum.
1414 1784 1589 1843 posse
1609 1776 1668 1825 et
1685 1765 2015 1826 Cheruscos
2038 1774 2373 1841 ceterasque

368 1863 663 1922 rebellium
689 1871 908 1940 gentes,
940 1864 1218 1941 quoniam
1248 1864 1554 1924 Romanae
1586 1865 1791 1923 ultioni
1830 1864 2158 1924 consultum
2201 1873 2373 1934 esset,

368 1961 605 2027 internis
632 1961 928 2023 discordiis
969 1962 1229 2041 relinqui.
1312 1972 1586 2041 precante
1617 1964 1971 2024 Germanico
2000 1981 2221 2022 annum
2252 1962 2372 2021 effi·
2397 1976 2434 2021 4

369 2061 588 2120 ciendis
633 2062 866 2139 coeptiS,
924 2062 1110 2121 acrius
1166 2061 1515 2122 modestiam
1572 2065 1694 2124 eius
1750 2063 2075 2140 adgreditur
2130 2061 2374 2120 alterum

371 2160 733 2220 consulatum
777 2160 1094 2232 offerendo,
1138 2161 1301 2220 cuius
1356 2163 1555 2221 munia
1602 2179 1876 2239 praesens
1918 2160 2116 2218 obiret.
2200 2158 2373 2217 simul
2398 2171 2432 2217 5

294 2283 354 2316 20
372 2259 728 2337 adnectebat,
780 2259 827 2318 si
873 2258 1022 2319 foret
1065 2258 1258 2318 adhuc
1297 2260 1648 2331 bellandum,
1691 2259 2032 2334 relinqueret
2071 2257 2372 2315 materiem

370 2357 547 2415 Drusi
562 2344 757 2415 fratris
794 2357 1028 2434 gloriae,
1069 2359 1169 2434 qui
1207 2358 1367 2439 nullo
1408 2368 1531 2416 tum
1573 2357 1686 2416 alio
1724 2357 1889 2416 hoste
1916 2374 2035 2414 non
2067 2355 2177 2414 nisi
2215 2355 2374 2432 apud

372 2453 716 2514 Germanias
744 2455 982 2532 adsequi
1009 2473 1230 2514 nomen
1258 2456 1686 2533 imperatorium
1706 2465 1764 2513 et
1793 2455 2091 2531 deportare
2119 2453 2374 2513 lauream

371 2563 587 2630 posset.
669 2553 823 2612 haud
876 2563 1173 2613 cunctatus
1228 2564 1315 2613 est
1368 2555 1514 2612 ultra
1570 2553 1967 2623 Germanicus,
2019 2570 2374 2629 quamquam
2397 2569 2436 2614 6

373 2652 513 2728 fingi
541 2670 610 2711 ea
652 2670 829 2729 seque
855 2672 959 2729 per
985 2653 1259 2729 invidiam
1285 2662 1453 2729 parto
1486 2653 1598 2711 iam
1631 2652 1827 2712 decori
1864 2651 2114 2710 abstrahi
2153 2651 2373 2709 intelle-

260 2813 265 2819 ,
297 2773 353 2823 ²5
376 2760 549 2827 geret.

453 2855 552 2909 2¹7.
598 2849 717 2906 Sub
758 2849 912 2909 idem
954 2859 1206 2926 tempus
1224 2867 1258 2908 e
1286 2849 1512 2931 familia
1553 2847 1986 2908 Scriboniorum
2028 2846 2179 2904 Libo
2220 2844 2375 2904 Dru-

373 2964 471 3004 sus
499 2945 747 3005 defertur
787 2946 974 3004 moliri
1000 2964 1092 3005 res
1129 2965 1328 3006 novaS.
1412 2947 1535 3006 eius
1574 2947 1789 3023 negotii
1825 2946 2061 3016 initium,
2092 2943 2373 3016 ordinem,

371 3045 547 3102 finem
577 3046 823 3103 curatius
865 3044 1155 3116 disseram,
1186 3046 1321 3121 quia
1354 3055 1476 3105 tum
1514 3046 1762 3122 primum
1801 3048 2038 3120 reperta
2066 3050 2198 3099 sunt
2226 3060 2373 3118 quae

372 3161 475 3219 per
500 3152 586 3203 tot
613 3160 798 3201 annos
825 3160 950 3201 rem
977 3143 1268 3218 publicam
1295 3144 1558 3203 exedere.
1627 3142 1887 3201 ¹Firmius
1917 3140 2095 3200 Catus
2123 3148 2370 3211 senator,
2398 3153 2431 3198 2

293 3264 357 3314 30
373 3260 445 3300 ex
488 3241 688 3300 intima
745 3241 986 3300 Libonis
1035 3241 1297 3331 ²QQ2
1333 3243 1600 3301 iuvenem
1643 3241 2007 3318 inprovidum
2044 3249 2099 3297 et
2143 3236 2372 3296 facilem

372 3340 637 3399 inanibus
681 3340 756 3398 ad
804 3339 1230 3400 Chaldaeorum
1286 3340 1585 3417 promissa,
1628 3356 1932 3415 magorum
1983 3354 2158 3407 sacra,
2212 3351 2369 3392 som-

372 3437 599 3494 niorum
640 3438 810 3496 etiam
853 3438 1189 3516 interpretes
1230 3439 1472 3515 impulit,
1502 3438 1644 3497 dum
1684 3453 1965 3514 proavum
2008 3433 2367 3509 Pompeium,

371 3534 604 3592 amitam
649 3535 1026 3607 Scriboniam,
1059 3554 1207 3612 quae
1250 3536 1547 3613 quondam
1595 3534 1836 3610 Augusti
1876 3533 2128 3593 coniunx
2170 3530 2367 3600 fuerat,
