2594 3925
408 269 429 306 1
447 267 518 305 10
849 251 1213 307 CORNELII
1254 257 1516 307 TACJTJ
1548 259 1969 309 ANNALIUM
2044 247 2255 331 [A.u.c.
2291 273 2416 327 770·

403 416 734 493 delphenos,
789 416 1094 493 AegeataS,
1156 416 1657 493 ApollonidenseS,
1715 418 1927 495 quique
1988 417 2246 478 Mosteni
2305 429 2412 478 aut

403 515 758 574 Macedones
801 514 1061 591 Hyrcani
1104 526 1399 589 vocantur,
1438 526 1498 576 et
1541 516 2059 589 Hierocaesariam,
2092 518 2411 595 Myrinam,

403 614 643 690 Cymen,
675 615 956 673 Tmolum
999 615 1167 673 levari
1208 613 1364 673 idem
1403 616 1462 674 in
1496 624 1722 692 tempus
1751 616 1984 675 tributis
2026 617 2289 693 mittique
2329 637 2410 675 ex

418 723 618 771 senatu
653 713 867 790 placuit
905 714 1005 790 qui
1043 714 1367 789 praesentia
1409 723 1691 791 spectaret
1724 714 2130 791 refoveretque.
2216 715 2409 774 delec-
2437 726 2474 770 5

349 834 376 884 5
399 820 492 870 tus
533 809 620 870 es't
661 809 745 869 M.
765 812 966 870 Ateius
1006 831 1040 869 e
1082 812 1394 887 praetoriiS,
1424 832 1497 871 ne
1540 813 1825 871 consulari
1866 813 2162 871 obtinente
2196 812 2406 871 Asiam

400 911 702 975 aemulatio
730 911 874 968 inter
902 927 1068 986 pares
1095 919 1152 968 et
1177 929 1251 968 ex
1279 930 1351 970 eo
1379 911 1856 988 impedimentum
1884 891 2153 971 oreretur.

479 1014 585 1068 48.
636 1008 1017 1085 Magnificam
1072 1009 1132 1066 in
1188 1009 1485 1086 publicum
1541 1009 1903 1086 largitionem
1966 1010 2124 1068 auxit
2181 1008 2406 1070 Caesar

397 1108 551 1167 haud
592 1108 782 1166 minus
823 1116 986 1183 grata
1028 1107 1373 1179 liberalitate,
1420 1108 1581 1186 quod
1625 1110 1782 1168 bona
1830 1107 2110 1167 Aemiliae
2167 1107 2399 1181 Musae,

397 1207 695 1282 locupletis
737 1206 1050 1277 intestatae,
1093 1206 1271 1284 petita
1312 1208 1373 1264 in
1414 1207 1621 1266 fiscum
1663 1206 1906 1267 Aemilio
1949 1206 2193 1285 Lepid0,
2234 1209 2400 1266 cuius

323 1331 380 1365 10
397 1327 428 1365 e
469 1306 646 1364 domo
686 1303 995 1375 videbatur,
1037 1314 1094 1363 et
1134 1305 1351 1364 Patulei
1394 1301 1587 1365 divitis'
1617 1307 1822 1382 equitis
1865 1305 2122 1365 Romani
2166 1305 2399 1365 heredi-

394 1415 588 1474 tatem,
618 1420 975 1480 quamquam
1016 1404 1138 1479 ipse
1181 1405 1344 1463 heres
1386 1405 1447 1462 in
1490 1414 1648 1481 parte
1698 1405 1991 1488 legeretur,
2036 1405 2270 1464 tradidit
2313 1405 2399 1463 M.

399 1502 649 1572 Servilio,
701 1519 878 1577 quem
931 1501 1211 1579 prioribus
1265 1509 1455 1580 neque
1513 1504 1795 1579 suspectis
1856 1503 2059 1561 tabulis
2117 1504 2401 1580 scriptum

397 1610 771 1676 compererat,
825 1601 1182 1659 nobilitatem
1229 1602 1517 1679 utriusque
1566 1602 1809 1682 pecunia
1865 1601 2175 1661 iuvandam
2232 1620 2401 1677 prae-

397 1702 561 1759 fatus,
643 1717 829 1776 neque
867 1698 1237 1758 hereditatem
1279 1702 1617 1777 cuiusquam
1655 1701 1793 1759 adiit
1827 1700 1932 1759 nisi
1973 1718 2108 1759 cum
2148 1701 2401 1760 amicitia
2427 1714 2460 1758 2

323 1823 377 1873 15
398 1799 723 1859 meruisset:
779 1798 1012 1874 ignotos
1055 1807 1113 1856 et
1160 1799 1284 1858 aliis
1341 1800 1596 1857 infensos
1649 1795 1836 1876 eoque
1868 1798 2188 1876 principem
2245 1819 2400 1858 nun-

395 1907 670 1976 cupantes
708 1895 909 1973 procul
948 1897 1197 1955 arcebat.
1283 1906 1534 1956 ceterum
1561 1907 1623 1955 ut
1650 1896 1958 1956 honestam
1997 1898 2401 1956 innocentium
2425 1913 2457 1957 3

393 2007 784 2075 paupertatem
827 1995 1041 2067 levavit,
1079 1996 1156 2054 ita
1193 1995 1470 2073 prodigos
1515 2004 1572 2054 et
1616 1997 1694 2054 ob
1739 1996 1953 2073 flagitia
2002 2006 2257 2073 egenteS,
2287 1996 2398 2055 Vi-

393 2098 610 2156 bidium
654 2090 994 2166 Varronem,
1051 2093 1301 2153 Marium
1363 2094 1674 2172 Nepotem,
1720 2094 1981 2171 Appium
2036 2095 2395 2171 Appianum,

394 2193 723 2253 Cornelium
787 2193 1021 2264 Sullam,
1073 2192 1148 2265 Q.
1193 2192 1486 2251 Vitellium
1540 2192 1719 2251 movit
1774 2202 1975 2251 senatu
2031 2202 2126 2251 aut
2181 2203 2396 2268 sponte

317 2317 377 2350 20
395 2293 592 2352 cedere
634 2309 840 2369 passus
881 2300 984 2350 est.

465 2399 574 2452 49.
619 2390 813 2449 Isdem
853 2390 1209 2465 temporibus
1252 2389 1427 2448 deum
1469 2388 1637 2448 aedes
1670 2397 1946 2448 vetustate
1988 2397 2085 2447 aut
2119 2388 2241 2465 igni
2283 2389 2389 2448 ab-

398 2490 565 2548 olitas
596 2498 948 2566 coeptasque
977 2489 1052 2546 ab
1081 2487 1349 2564 Augusto
1382 2486 1682 2559 dedicavit,
1712 2487 1920 2546 Libero
1951 2487 2306 2565 Liberaeque
2331 2499 2394 2547 et

391 2588 579 2647 Cereri
618 2589 777 2663 iuxta
815 2587 1030 2645 circum
1072 2586 1409 2656 maximum,
1440 2603 1616 2661 quam
1658 2586 1728 2644 A.
1773 2585 2100 2644 Postumius
2141 2585 2393 2645 dictator

389 2695 635 2758 voverat,
663 2685 986 2762 eodemque
1027 2685 1087 2742 in
1124 2685 1256 2743 loco
1299 2683 1504 2742 aedem
1532 2683 1736 2742 Florae
1770 2686 1846 2742 ab
1875 2683 2058 2743 Lucio
2086 2693 2143 2743 et
2172 2682 2389 2744 Marco

313 2810 336 2843 2
342 2807 369 2857 5
390 2784 657 2843 Publiciis
692 2783 966 2842 aedilibus
1004 2783 1388 2853 constitutam,
1418 2790 1475 2839 et
1507 2781 1653 2840 Iano
1695 2782 1991 2858 templum,
2021 2781 2182 2858 quod
2225 2784 2388 2859 apud

388 2885 576 2942 forum
609 2881 936 2940 holitorium
966 2880 1032 2939 C.
1055 2881 1277 2938 Duilius
1306 2888 1601 2951 struxerat,
1631 2879 1729 2956 qui
1757 2879 1989 2956 primus.
2005 2898 2130 2938 rem
2159 2880 2383 2940 Roma-

384 3001 522 3041 nam
564 2998 836 3058 prospere
869 2980 1012 3038 mari
1045 2980 1220 3055 gessit
1254 2977 1718 3055 triumphumque
1758 2978 2020 3037 navalem
2052 2979 2123 3038 de
2164 2979 2382 3040 Poenis

384 3079 603 3136 meruit.
691 3077 826 3154 Spei
867 3078 1038 3136 aedes
1079 3095 1115 3134 a
1157 3075 1509 3134 Germanico
1553 3085 1841 3134 sacratur:
1886 3075 2039 3135 hanc
2068 3075 2141 3134 A.
2170 3076 2380 3137 Atilius
2408 3089 2443 3133 2

383 3186 610 3236 voverat
636 3168 845 3236 eode'm
872 3174 1037 3234 bello.
1941 3176 1945 3181 '

304 3299 367 3345 30
465 3281 568 3334 50.
612 3274 1000 3333 Adolescebat
1028 3272 1238 3330 interea
1266 3271 1358 3329 lex
1386 3271 1714 3331 maiestatis
1796 3281 1853 3330 et
1882 3273 2231 3349 Appuleiam
2258 3274 2377 3334 Va-

383 3374 581 3443 rillam,
635 3372 841 3431 sororis
898 3370 1141 3446 Augusti
1190 3378 1439 3445 neptem,
1484 3371 1617 3447 quia
1661 3368 1974 3447 probrosis‘
2012 3374 2375 3432 sermonibus

384 3471 575 3528 divum
631 3471 958 3544 Augustum
1013 3487 1082 3526 ac
1139 3467 1432 3526 Tiberium
1485 3478 1541 3526 et
1611 3478 1853 3526 matrem
1906 3469 2028 3527 eius
2082 3471 2374 3531 inlusisset

384 3567 727 3644 Caesarique
785 3584 1008 3625 conexa
1063 3565 1337 3623 adulterio
1408 3575 1705 3637 teneretur,
1776 3567 2085 3625 maiestatis
2156 3569 2375 3628 delator
