2594 3925
196 282 327 324 nn.
360 257 476 345 16.]‘
793 271 1023 321 LIBER
1065 273 1146 322 Π.
1217 270 1373 321 CAP.
1420 276 1633 337 25-30·
2146 280 2222 335 99

199 430 587 491 consobrinos
633 428 932 501 Caesares,
984 429 1217 507 plenam
1275 428 1623 505 imaginibus
1667 427 1907 488 domum
1957 436 2223 499 ostentat,

197 530 571 605 hortaturque
618 529 694 588 ad
737 529 936 600 luxum
989 539 1044 586 et
1090 546 1188 587 aes
1246 528 1512 598 alienum,
1562 527 1755 586 socius
1803 526 2107 585 libidinum
2163 534 2222 584 et

196 629 629 700 necessitatum,
660 646 776 704 quo
804 627 1058 704 pluribus
1087 627 1313 685 indiciis
1341 626 1619 703 inligaret.

280 733 390 785 28.
435 724 518 783 Ut
565 727 700 784 satis
726 708 979 784 ⁸testium
1029 734 1086 784 et
1135 726 1234 802 qui
1280 726 1427 784 servi
1485 724 1691 783 eadem
1736 733 2042 783 noscerent
2089 742 2220 802 rep·-

199 825 368 901 perit,
400 824 621 882 aditum
664 824 738 883 ad
782 824 1109 900 principem
1150 824 1421 900 postulat,
1455 825 1850 883 demonstrato
1892 821 2131 880 crimine
2174 832 2232 881 et
2253 847 2278 895 5

198 941 301 981 reo
329 940 437 999 per
463 921 737 981 Flaccum
765 920 1166 982 Vescularium
1195 924 1450 999 equitem
1482 922 1837 994 Romanum,
1868 921 1960 979 cui
1988 920 2225 997 propior

137 1031 172 1077 2
200 1038 339 1079 cum
381 1019 622 1079 Tiberio
663 1038 800 1079 usus
832 1007 981 1079 erat.
1071 1019 1285 1080 Caesar
1334 1021 1612 1080 indicium
1669 1019 1827 1078 haud
1884 1028 2226 1095 aspernatus
2277 1083 2280 1086 Δ

199 1136 553 1195 congressus
607 1119 836 1177 abnuit:
907 1137 1082 1196 posse
1137 1121 1295 1178 enim
1345 1120 1553 1180 eodem
1610 1119 1825 1178 Flacco
1872 1118 2223 1177 internuntio

140 1228 174 1273 3
202 1235 509 1277 sermones
538 1228 882 1276 commeare.
968 1228 1140 1295 atque
1169 1219 1399 1277 interim
1428 1217 1717 1277 Libonem
1748 1227 1915 1278 ornat
1942 1226 2222 1293 praetura,

203 1315 566 1375 convictibus
607 1315 857 1387 adhibet,
890 1333 1013 1395 non
1039 1316 1198 1374 vultu
1239 1317 1532 1389 alienatuS,
1568 1335 1689 1375 non
1728 1317 1916 1375 verbis
1959 1333 2225 1374 commo·
2250 1339 2308 1374 10

201 1415 318 1473 tior
357 1412 536 1494 (adeo
577 1414 723 1473 iram
765 1412 1166 1491 condiderat);
1209 1425 1537 1493 cunctaque
1578 1416 1700 1474 eius
1744 1415 1897 1474 dicta
1940 1414 2219 1490 factaque,

203 1531 343 1572 cum
382 1512 688 1589 prohibere
729 1522 944 1589 posset,
987 1513 1131 1571 scire
1173 1514 1441 1586 malebat,
1487 1514 1676 1573 donec
1722 1513 1922 1572 Iunius
1966 1513 2220 1589 quidam,

203 1621 520 1687 temptatus
560 1619 624 1668 ut
665 1611 914 1669 infernas
955 1612 1191 1670 umbras
1236 1612 1589 1670 carminibus
1633 1612 1881 1693 eliceret,
1916 1611 1992 1670 ad
2033 1601 2224 1668 Fulci-

138 1719 178 1766 4
202 1711 370 1768 nium
415 1710 698 1768 Trionem
746 1709 1021 1768 indicium
1079 1709 1294 1769 detulit.
1380 1710 1607 1769 celebre
1653 1710 1799 1768 inter
1852 1718 2219 1767 accusatores

200 1806 446 1868 Trionis
487 1807 786 1883 ingenium
827 1817 946 1865 erat
973 1807 1317 1885 avidumque
1347 1808 1536 1866 famae
1565 1808 1770 1866 malae.
1856 1808 2048 1866 statim
2093 1825 2223 1865 cor·
2251 1832 2302 1878 15

142 1917 176 1964 5
203 1907 337 1982 ripit
364 1923 546 1978 reum,
575 1905 694 1964 adit
733 1904 1016 1977 consuleS,
1048 1905 1445 1983 cognitionem
1480 1915 1713 1965 senatus
1748 1906 1953 1984 poscit.
2038 1914 2095 1962 et
2122 1922 2223 1964 vo-

204 2015 413 2084 cantur
440 2013 651 2081 patreS,
680 2003 876 2064 addito
904 2005 1355 2064 consultandum
1390 2024 1565 2082 super
1592 2025 1655 2065 re
1684 2023 1902 2082 magna
1930 2014 1986 2063 et
2021 2003 2221 2062 atroci.

288 2109 398 2162 29.
442 2102 592 2162 Libo
626 2094 862 2161 ‘interim
905 2112 1062 2162 veste
1122 2113 1343 2161 mutata
1400 2121 1536 2163 cum
1592 2103 1939 2180 primoribus
1995 2101 2223 2159 feminis

203 2201 507 2262 circumire
558 2201 779 2272 domoS,
830 2219 994 2260 orare
1049 2199 1288 2274 adfineS,
1348 2220 1555 2260 vocem
1611 2201 1914 2260 adversum
1969 2200 2222 2278 pericula

205 2318 471 2378 poscere,
528 2300 911 2358 abnuentibus
982 2300 1221 2370 cunctiS,
1279 2318 1416 2359 curn
1471 2300 1695 2359 diversa
1762 2299 2215 2375 praetenderent,
2242 2322 2304 2357 20

146 2407 179 2452 2
205 2398 418 2459 eadem
467 2397 787 2456 formidine.
872 2398 965 2456 die
1014 2407 1246 2457 senatus
1290 2407 1451 2456 metu
1499 2408 1556 2457 et
1611 2397 1964 2473 aegritudine
2017 2397 2221 2468 fessuS,

207 2498 342 2568 sive,
372 2506 436 2554 ut
479 2495 760 2554 tradidere
801 2496 1054 2572 quidam,
1084 2496 1352 2556 simulato
1381 2497 1607 2568 morb0,
1637 2496 1845 2554 lectica
1885 2494 2105 2553 delatus
2146 2495 2224 2553 ad

206 2596 363 2655 fores
409 2595 599 2654 curiae
646 2595 980 2671 innisusque
1030 2594 1187 2652 fratri
1231 2604 1288 2653 et
1334 2612 1542 2653 manus
1591 2611 1659 2652 ac
1711 2593 2001 2669 supplices
2046 2611 2222 2652 voces

205 2694 284 2754 ad
311 2693 612 2752 Tiberium
639 2692 886 2750 tendens
915 2693 1160 2751 immoto
1189 2692 1313 2752 eius
1332 2692 1488 2750 vultu
1516 2691 1813 2767 excipitur.
1897 2710 2038 2750 mox
2061 2689 2220 2750 libel-

204 2793 296 2852 los
336 2801 396 2851 et
437 2800 699 2849 auctores
739 2791 938 2850 recitat
979 2790 1196 2850 Caesar
1234 2791 1316 2850 ita
1356 2791 1685 2861 moderanS,
1729 2808 1804 2847 ne
1846 2789 2027 2848 lenire
2070 2806 2218 2848 neve
2242 2813 2299 2862 25

207 2908 476 2967 asperare
504 2888 738 2946 crimina
764 2888 1063 2948 videretur.

289 2994 396 3048 30.
442 2987 824 3045 Accesserant
875 2997 1098 3063 praeter
1141 2986 1424 3045 Trionem
1473 2995 1531 3044 et
1580 2984 1790 3045 Catum
1851 2993 2221 3044 accusatores

209 3086 486 3145 Fonteius
535 3084 797 3161 Agrippa
840 3094 897 3144 et
944 3084 1011 3144 C.
1044 3085 1265 3156 Vibius,
1312 3085 1724 3160 certabantque
1770 3084 1861 3142 cui
1914 3084 2000 3141 ius
2055 3101 2224 3159 pero-

207 3183 373 3244 randi
412 3182 474 3241 in
514 3200 676 3241 reum
718 3182 961 3254 daretur,
1007 3181 1196 3241 donec
1239 3183 1461 3254 Vibius,
1497 3183 1631 3258 quia
1672 3200 1781 3240 nec
1826 3182 1934 3257 ipsi
1977 3181 2122 3239 inter
2163 3199 2225 3240 se

209 3281 599 3343 concederent
646 3290 704 3339 et
745 3279 896 3339 Libo
953 3281 1076 3339 sine
1125 3290 1377 3356 patrono
1432 3274 1736 3350 introisset,
1781 3278 2111 3355 singillatim
2161 3298 2222 3338 se
2243 3303 2308 3351 30

208 3382 451 3441 crimina
526 3378 883 3438 obiecturum
959 3378 1268 3455 professus,
1326 3379 1563 3455 protulit
1634 3377 1856 3436 libellos
1911 3377 2225 3436 vaecordes

209 3479 377 3551 aden,
434 3487 499 3536 ut
554 3477 958 3536 consultaverit
1013 3476 1183 3548 Libo,
1235 3496 1313 3534 an
1362 3477 1654 3535 habiturus
1703 3473 1850 3533 foret
1904 3493 2050 3551 opes
2096 3476 2223 3551 quis

149 3589 184 3635 8
210 3578 361 3635 viam
408 3577 663 3654 Appiam
717 3574 1083 3634 Brundisium
1138 3592 1322 3650 usque
1364 3573 1611 3650 pecunia
1655 3573 1919 3648 operiret.
2003 3573 2225 3631 inerant

1158 3698 1276 3740 112
