2594 3925
351 220 424 274 92
802 208 1167 259 CORNELII
1208 210 1297 258 TA
1310 210 1472 262 CJTJ
1505 209 1932 259 ANNALJUM
2008 196 2221 281 [nuc.
2249 207 2361 272 7⁶9·

348 367 574 427 animos
622 376 796 437 ratus,
848 383 1104 442 quonam
1153 366 1213 424 id
1266 367 1448 456 modo
1496 368 1893 448 incorruptum
1942 377 2105 438 roret,
2157 385 2365 426 secum

348 465 617 540 agitabat.
688 466 953 528 tribunos
995 473 1052 522 et
1092 465 1461 524 centuriones
1509 466 1662 525 laeta
1703 467 1933 543 saepius
1974 483 2155 541 quam
2200 483 2367 525 com·
2386 483 2424 529 4

347 573 511 638 perta
536 563 813 634 nuntiare,
845 562 1178 621 libertorum
1217 562 1439 622 servilia
1474 563 1725 640 ingenia,
1756 564 1956 622 amicis
1991 563 2189 622 inesse
2221 562 2368 621 adu-

348 659 656 734 lationem3
702 660 750 719 si
778 660 977 720 contio
1006 670 1256 730 vocetur,
1287 660 1400 719 illic
1429 679 1663 738 quoque
1694 680 1841 739 quae
1869 662 2043 738 pauci
2072 661 2370 737 incipiant

297 783 322 829 5
350 758 600 836 reliquos
642 759 986 835 adstrepere.
1057 757 1287 834 penitus
1330 760 1658 819 noscendas
1700 769 1944 832 mentes,
1977 778 2111 818 cum
2152 756 2372 818 secreti
2395 779 2428 825 5

350 867 406 915 et
435 857 769 916 incustoditi
798 857 947 915 inter
975 855 1230 914 militaris
1261 856 1423 915 cibos
1453 875 1617 933 spem
1640 868 1743 922 ‚aut
1769 868 1990 916 metum
2017 856 2371 934 proferrent.

430 960 523 1015 13.
568 955 759 1015 Nocte
803 963 1015 1030 coepta
1057 971 1324 1030 egressus
1366 955 1621 1030 augurali
1661 975 1764 1032 per
1806 956 2038 1015 occulta
2078 964 2138 1014 et
2177 954 2373 1031 vigili-

350 1055 457 1112 bus
498 1054 717 1130 ignQae
750 1053 960 1113 comite
1003 1069 1141 1122 uno,
1182 1061 1487 1111 contectus
1534 1071 1767 1113 umeros
1798 1043 1993 1113 ¹ferina
2034 1053 2205 1130 pelle,
2247 1052 2375 1110 adit

348 1162 668 1211 castrorum
697 1151 834 1222 vias,
867 1149 1088 1209 adsistit
1130 1150 1511 1208 tabernaculis
1550 1151 1862 1228 fruiturque
1891 1152 2048 1210 fama
2086 1151 2193 1222 sui,
2229 1167 2375 1209 cum

278 1276 331 1308 ιο
349 1251 443 1309 hic
482 1250 841 1308 nobilitatem
878 1248 1059 1320 duciS,
1091 1248 1367 1306 decorem
1403 1248 1563 1320 alius,
1602 1248 1830 1325 plurimi
1872 1249 2235 1325 patientiam,
2270 1266 2375 1308 co-

350 1349 624 1418 mitatem,
655 1364 759 1423 per
788 1347 934 1405 seria
962 1366 1066 1423 per
1094 1347 1257 1404 iocos
1284 1347 1540 1405 eundem
1567 1347 1826 1405 animum
1856 1345 2119 1405 laudibus
2150 1346 2377 1405 ferrent

348 1446 824 1521 reddendamque
867 1445 1112 1519 gratiam
1152 1444 1213 1501 in
1254 1443 1377 1503 acie
1417 1444 1745 1516 faterentur,
1789 1445 1958 1503 simul
2006 1445 2273 1521 perfidos
2317 1454 2379 1503 et

346 1555 610 1621 ruptores
638 1544 797 1620 pacis
825 1543 1029 1600 ultioni
1069 1552 1126 1601 et
1165 1542 1384 1619 gloria'e
1423 1543 1782 1602 mactandos,
1852 1544 2000 1601 inter
2028 1561 2183 1620 quae
2211 1561 2377 1602 unus
2402 1553 2435 1598 2

350 1643 618 1712 hostium,
662 1641 904 1700 Latinae
952 1641 1181 1716 linguae
1225 1642 1431 1711 scienS,
1476 1649 1607 1700 acto
1637 1623 1723 1699 ”ad
1764 1641 1976 1700 vallum
2018 1659 2175 1718 equo
2217 1660 2376 1701 voce

277 1765 330 1814 15
350 1759 567 1818 magna
611 1740 890 1815 coniuges
938 1749 996 1797 et
1045 1756 1217 1815 agros
1265 1748 1325 1797 et
1373 1738 1641 1815 stipendii
1696 1739 1758 1798 in
1806 1739 1947 1811 dies,
2000 1740 2195 1798 donec
2248 1741 2377 1799 bel-

351 1842 574 1911 laretur,
633 1838 926 1898 sestertios
987 1847 1286 1909 centenos,
1345 1837 1394 1896 si
1449 1837 1577 1913 quis
1637 1836 2057 1913 transfugisset,
2115 1838 2380 1897 Arminii

353 1939 591 1999 nomine
621 1936 936 2015 pollicetur.
997 1934 1252 2011 incendit
1274 1953 1345 1994 ea
1372 1934 1722 1995 contumelia
1748 1934 2049 2013 legionum
2077 1936 2232 1995 iras:
2274 1955 2380 1996 ve·
2406 1959 2440 2005 8

352 2040 498 2097 niret
535 2038 676 2109 dies,
708 2037 935 2095 daretur
973 2052 1176 2111 pugna
1191 2052 1207 2105 3
1253 2043 1615 2110 sumpturum
1656 2034 1895 2094 militem
1926 2034 2379 2113 Germanorum

352 2155 541 2212 agroS,
572 2145 885 2194 tracturum
916 2133 1240 2208 coniuges;
1282 2132 1547 2208 accipere
1583 2150 1758 2192 omen
1798 2142 1855 2191 et
1894 2133 2277 2192 matrimonia
2306 2152 2380 2193 ac

276 2261 336 2296 20
353 2234 630 2312 pecunias
668 2232 919 2292 hostium
961 2230 1211 2308 praedae
1245 2229 1550 2289 destinare.
1620 2230 1782 2289 tertia
1818 2230 2000 2289 ferme
2031 2231 2231 2307 vigilia
2272 2231 2381 2290 ad·
2404 2250 2443 2295 4

354 2333 624 2392 sultatum
662 2340 750 2390 est
785 2330 985 2411 castris
1031 2329 1152 2388 sine
1182 2327 1455 2386 coniectu
1496 2328 1608 2397 teli,
1638 2337 1953 2404 postquam
1983 2329 2223 2389 crebras
2261 2347 2380 2408 pur-9

353 2429 728 2488 munimentis
757 2428 1027 2488 cohortes
1057 2435 1114 2484 et
1141 2425 1283 2484 nihil
1311 2425 1615 2483 remissum
1644 2443 1892 2485 sensere.

434 2534 528 2587 14.
573 2526 713 2584 Nox
751 2525 954 2584 eadem
999 2525 1210 2583 laetam
1244 2522 1599 2582 Germanico
1637 2524 1892 2599 quietem
1931 2510 2072 2595 tulit,
2109 2526 2379 2603 viditque

354 2646 417 2687 se
467 2634 770 2703 operatum
818 2633 877 2682 et
925 2623 1203 2699 sanguine
1252 2621 1399 2680 sacri
1455 2639 1717 2697 respersa
1765 2632 2066 2698 praetexta
2115 2624 2382 2699 pulchri-

279 2751 336 2800 25
356 2743 519 2787 orem
545 2724 715 2782 aliam
743 2723 1010 2780 manibus
1037 2721 1195 2779 aviae
1216 2719 1513 2795 Augustae
1541 2720 1854 2795 accepisse
1913 2730 2121 2780 auctus
2131 2722 2379 2801 omine,
2408 2739 2441 2784 2

356 2821 755 2883 addicentibus
811 2819 1095 2896 auspiciiS,
1145 2827 1315 2876 vocat
1368 2816 1704 2874 contionem
1761 2827 1819 2876 et
1833 2835 2024 2903 quae
2083 2794 2383 2896 sapientia

355 2922 583 2999 provisa
639 2928 885 2995 aptaque
948 2917 1251 2975 inminenti
1314 2931 1544 2991 pugnae
1613 2914 1853 2973 disserit.
1937 2934 2061 2975 non
2119 2935 2381 2996 campos
2410 2936 2443 2981 3

355 3020 537 3079 modo
579 3017 742 3074 militi
787 3016 1060 3073 Romano
1096 3014 1169 3071 ad
1211 3012 1495 3089 proelium
1524 3013 1730 3082 bonOS,
1763 3013 1884 3081 sed,
1919 3014 1966 3072 si
2010 3015 2161 3099 [ati-9
2201 3018 2381 3089 adsit,

358 3120 526 3178 silvas
566 3126 623 3173 et
662 3114 836 3174 saltus
853 3132 869 3185 3
912 3131 1021 3171 nec
1061 3113 1216 3170 enim
1255 3112 1522 3168 inmensa
1561 3110 1938 3168 barbarorum
1980 3122 2163 3184 scuta,
2202 3132 2382 3174 enor-

281 3242 343 3290 30
358 3218 467 3275 mis
517 3216 709 3273 hastas
757 3213 903 3270 inter
952 3221 1187 3269 truncos
1242 3209 1516 3268 arborum
1562 3217 1619 3265 et
1667 3218 1838 3266 enata
1886 3208 2069 3270 humo
2119 3213 2383 3289 virgulta

357 3314 593 3394 perinde
649 3310 846 3370 haberi
888 3327 1064 3384 quam
1119 3307 1234 3384 pila
1280 3315 1341 3364 et
1387 3306 1614 3382 gladios
1669 3316 1727 3364 et
1780 3305 2078 3366 haerentia
2134 3314 2382 3397 corpori

358 3413 632 3489 tegmina.
717 3409 1023 3467 denserent
1064 3407 1226 3475 ictus,
1262 3422 1365 3462 ora
1404 3403 1778 3462 mucronibus
1815 3417 2198 3480 quaererent:
2249 3427 2387 3470 non
2414 3422 2452 3468 4

357 3510 597 3570 loricam
633 3506 964 3578 Germano:
984 3523 1107 3564 non
1149 3502 1396 3581 galeam,
1431 3518 1505 3560 ne
1550 3511 1711 3560 scuta
1752 3501 1992 3576 quidem
2036 3502 2195 3564 ferro
2241 3523 2386 3567 ner-
