2594 3925
206 252 456 345 a.n.'17.]
787 271 1016 321 LIBER
1060 271 1138 320 Η.
1208 271 1362 321 CAP.
1408 275 1622 337 47-52·
2103 280 2207 321 111

136 442 177 487 2
206 429 545 490 arcessebat.
629 430 702 488 de
772 429 1052 488 adulterio
1122 428 1257 488 satis
1328 430 1512 488 caveri
1580 429 1707 506 lege
1777 429 1922 490 Iulia
1991 430 2208 491 visum:

204 524 520 583 maiestatis
561 523 782 582 crimen
825 523 1094 608 distingui
1138 522 1353 582 Caesar
1392 524 1700 600 postulavit
1741 523 2131 602 damnarique,
2165 526 2210 584 si

200 642 316 700 qua
361 624 438 682 de
487 622 755 699 Augusto
811 622 1139 698 inreligiose
1190 622 1464 681 dixisset:
1526 622 1588 679 in
1633 641 1695 682 se
1740 622 1889 682 iacta
1934 624 2087 683 nolle
2138 625 2212 683 ad

136 737 173 781 3
201 722 602 799 cognitionem
637 720 844 780 vocari.
927 720 1305 796 interrogatus
1344 740 1380 779 a
1421 722 1673 793 consule,
1704 723 1843 798 quid
1874 722 1944 782 de
1974 723 2039 782 iis
2070 742 2205 782 cen-

200 830 348 880 seret
389 838 540 896 quae
591 819 665 878 de
709 828 886 877 matre
934 818 1057 877 eius
1095 818 1287 877 locuta
1329 837 1496 878 secus
1545 830 1889 897 argueretur,
1941 822 2160 880 reticuit
2185 844 2199 895 ;
2225 845 2251 895 5

200 920 332 979 dein
382 918 653 994 proximo
700 926 930 975 senatus
980 916 1074 975 die
1122 916 1269 975 illius
1320 935 1550 995 quoque
1597 918 1833 977 nomine
1885 920 2081 992 oravit,
2133 940 2204 979 ne

135 1031 176 1076 4
200 1020 294 1078 cui
321 1018 496 1077 verba
527 1017 590 1074 in
630 1035 761 1075 eam
789 1034 1028 1093 quoquo
1070 1016 1251 1075 modo
1290 1016 1487 1075 habita
1530 1017 1752 1075 crimini
1784 1017 1985 1076 forent.
2072 1018 2209 1078 libe-

200 1115 460 1192 ravitque
489 1114 840 1192 Appuleiam
867 1114 994 1190 lege
1033 1114 1344 1173 maiestatis
1370 1136 1384 1173 ε
1430 1115 1690 1174 adulterii
1718 1116 2035 1192 graviorem
2064 1135 2205 1193 poe-

200 1231 342 1272 nam
383 1214 737 1291 deprecatus,
765 1223 832 1271 ut
873 1212 1143 1289 exemplo
1184 1214 1474 1273 maiorum
1513 1216 1854 1293 propinquis
1899 1216 2014 1274 suis
2062 1216 2207 1275 ultra

137 1323 174 1369 5
200 1311 663 1371 ducentesimum
705 1312 957 1389 lapidem
990 1320 1372 1370 removeretur
1401 1313 1593 1372 suasit.
1678 1313 1934 1374 adultero
1977 1313 2201 1374 Manlio
2230 1340 2287 1373 10

199 1409 363 1468 Italia
390 1419 566 1487 atque
599 1407 793 1469 Africa
820 1409 1181 1468 interdictum
1209 1421 1313 1469 est.

282 1515 374 1568 51.
418 1507 512 1566 De
553 1517 811 1584 praetore
852 1508 913 1565 in
954 1508 1150 1566 locum
1179 1508 1450 1585 Vipstani
1480 1509 1649 1579 Galli,
1680 1528 1857 1587 quem
1899 1529 2056 1571 mors
2098 1514 2202 1571 ab-

139 1616 174 1661 2
199 1605 444 1677 stulerat‚
497 1605 865 1682 subrogando
915 1615 1204 1665 certamen
1254 1607 1506 1666 incessit.
1592 1607 1976 1668 Germanicus
2032 1619 2205 1687 atque

197 1703 424 1763 Drusus
463 1704 627 1784 (nam
668 1704 842 1762 etiam
884 1714 1007 1763 tum
1050 1704 1279 1764 Romae
1323 1703 1513 1784 erant)
1543 1705 1848 1765 Haterium
1882 1708 2203 1786 Agrippam

194 1802 592 1879 propinquum
619 1800 955 1862 Germanici
988 1802 1290 1862 fovebant:
1338 1814 1539 1863 contra
1576 1805 1826 1881 plerique
1860 1806 2199 1880 nitebantur,
2226 1832 2279 1881 15

196 1909 258 1958 ut
301 1918 576 1959 numerus
618 1901 919 1960 liberorum
969 1901 1028 1959 in
1079 1901 1400 1961 candidatis
1456 1903 1847 1980 praepolleret,
1891 1903 2051 1981 quod
2106 1905 2197 1965 lex

137 2012 169 2056 3
193 1999 443 2058 iubebat.
529 2000 840 2058 laetabatur
881 1999 1164 2070 Tiberim,
1209 2020 1344 2059 cum
1387 2002 1531 2060 inter
1573 2002 1721 2061 filios
1762 2002 1886 2061 eius
1934 2012 1991 2061 et
2045 2004 2200 2082 leges

195 2106 430 2156 senatus
461 2098 822 2175 disceptaret.
905 2098 1054 2157 victa
1081 2108 1169 2157 est
1203 2099 1328 2157 sine
1359 2099 1535 2158 dubio
1574 2100 1684 2172 lex,
1715 2101 1817 2160 sed
1860 2119 2048 2178 neque
2085 2114 2199 2166 sta-

192 2196 298 2254 tim
326 2205 386 2254 et
412 2197 615 2272 paucis
654 2196 957 2273 suffragiis,
987 2214 1106 2274 quo
1145 2197 1328 2255 modo
1368 2198 1559 2271 etiam,
1589 2216 1725 2256 cum
1751 2198 2014 2272 valerent,
2045 2200 2199 2277 leges

192 2281 584 2354 vincebantur.
2221 2323 2283 2357 20

273 2397 380 2452 52.
422 2392 652 2451 Eodem
679 2411 836 2471 anno
865 2399 1135 2468 coeptum
1172 2391 1233 2450 in
1261 2391 1460 2451 Afn‘ca
1496 2393 1727 2465 bellum,
1757 2392 1902 2453 duce
1943 2392 2201 2455 hostium

135 2497 167 2542 a
193 2489 581 2549 Tacfarinate.
651 2491 700 2548 is
727 2490 963 2549 natione
986 2489 1261 2562 Numida,
1284 2491 1346 2547 in
1369 2492 1566 2550 castris
1590 2491 1877 2551 Romanis
1904 2493 2200 2553 auxiliaria

190 2588 478 2664 stipendia
517 2589 768 2660 meritus,
803 2606 943 2646 mox
984 2588 1251 2659 desertor,
1281 2606 1463 2666 vagos
1502 2589 1752 2666 primum
1792 2598 1847 2648 et
1887 2591 2200 2650 latrociniis

192 2695 390 2744 suetos
434 2685 508 2744 ad
551 2686 826 2762 praedam
859 2695 916 2744 et
951 2686 1147 2762 r'aptus
1187 2705 1558 2765 congregare,
1590 2687 1725 2746 dein
1764 2705 1923 2747 more
1965 2689 2197 2748 militiae

189 2802 289 2860 per
330 2784 536 2842 vexilla
583 2794 639 2843 et
681 2794 895 2843 turmas
937 2802 1305 2861 componere,
1349 2795 1645 2861 postremo
1687 2804 1808 2845 non
1866 2786 2194 2846 inconditae
2216 2812 2275 2861 25

134 2893 164 2937 3
189 2883 386 2940 turbae
417 2882 521 2940 sed
551 2880 1033 2942 Musulamiorum
1063 2884 1176 2941 dux
1207 2883 1419 2944 haberi.
1503 2885 1689 2943 valida
1716 2903 1785 2942 ea
1820 2903 1966 2961 gens
2005 2895 2061 2944 et
2104 2904 2195 2945 so-

188 2981 528 3039 litudinibus
556 2980 784 3040 Africae
827 2982 1168 3059 propinqua,
1199 2983 1357 3041 nullo
1384 2983 1557 3041 etiam
1596 2992 1719 3041 tum
1756 2984 1982 3041 urbium
2021 2984 2193 3055 cultu,

188 3081 338 3156 cepit
382 3097 543 3138 arma
586 3077 944 3157 Maurosque
986 3081 1215 3140 accolas
1252 3081 1315 3139 in
1351 3081 1564 3140 bellum
1600 3081 1799 3140 traxit:
1856 3081 1972 3140 dux
2001 3090 2058 3140 et
2084 3082 2190 3153 his,

130 3178 166 3232 4
188 3163 482 3255 Mazippa.
567 3178 897 3255 divisusque
942 3179 1240 3251 exercitus,
1271 3188 1335 3238 ut
1365 3180 1707 3240 Tacfarinas
1745 3180 1926 3239 lectos
1952 3180 2103 3238 viros
2135 3190 2193 3239 et

188 3274 523 3333 Romanum
553 3275 614 3332 in
653 3275 893 3333 modum
929 3286 1178 3336 armatos
1217 3279 1416 3336 castris
1454 3278 1729 3349 attineret,
1761 3277 2093 3354 disciplinae
2133 3288 2190 3336 et
2209 3303 2272 3350 30

187 3372 442 3450 imperiis
481 3383 778 3445 suesceret,
819 3372 1094 3450 Mazippa
1130 3376 1235 3432 levi
1274 3395 1411 3434 cum
1453 3376 1624 3452 copia
1663 3375 1929 3434 incendia
1966 3384 2023 3434 et
2058 3394 2188 3435 cae-

130 3481 162 3528 5
189 3470 287 3547 des
317 3480 373 3530 et
403 3481 676 3530 terrorem
713 3472 1110 3531 circumferret.
1186 3474 1673 3551 conpulerantque
1705 3472 2001 3545 Cinithios,
2031 3474 2188 3533 haud

187 3570 572 3644 spernendam
614 3570 926 3642 nationem,
968 3571 1029 3628 in
1069 3571 1287 3644 eadem,
1334 3590 1469 3629 cum
1516 3572 1716 3630 Furius
1760 3571 2034 3631 Camillus
2078 3592 2185 3648 pro
