2594 3925
172 262 289 304 m).
320 238 431 325 17·J
764 249 997 299 LtBER
1038 250 1117 300 Η.
1186 250 1341 300 CAP.
1387 255 1600 316 43-47·
2065 260 2177 316 109

176 420 324 470 stem
376 410 722 483 abstinebat,
770 411 874 470 sed
935 410 1373 486 Inguiomerum
1416 419 1619 469 tenens
1670 410 1768 469 illo
1823 411 1884 469 in
1939 428 2180 487 corpore

178 510 356 569 decus
416 528 598 568 omne
644 508 1090 581 Cheruscorum,
1139 510 1285 568 illius
1341 509 1591 568 consiliis
1636 518 1799 586 gesta
1841 527 1990 586 quae
2046 526 2181 585 pro-

180 626 343 685 spere
389 608 705 668 ceciderint
747 609 1099 668 testabatur:
1143 607 1490 668 vaecordem
1533 608 1856 666 Arminium
1898 616 1956 666 et
1994 625 2181 666 rerum

182 708 446 766 nescium
488 707 738 766 alienam
780 708 1024 784 gloriam
1065 707 1127 765 in
1168 726 1232 766 se
1265 707 1505 779 trahere,
1536 707 1811 784 quoniam
1853 716 1966 765 tres
2007 724 2183 781 vagas

181 806 443 882 legiones
479 814 538 864 et
566 805 777 864 ducem
811 805 1028 864 fraudis
1066 807 1332 882 ignarum
1365 806 1605 883 perfidia
1638 804 1944 881 deceperit,
1973 821 2188 880 magna
2211 828 2234 874 5

186 923 316 964 cum
359 897 529 963 clade
574 902 922 963 Germaniae
962 912 1020 963 et
1062 905 1380 980 ignominia
1422 923 1543 975 sua,
1574 922 1710 964 cum
1751 903 2023 973 coniunx,
2052 920 2187 960 cum

134 1012 165 1057 2
187 1002 328 1061 filius
372 1002 499 1061 eius
533 1003 823 1060 servitium
864 1000 1055 1061 adhuc
1099 1004 1362 1062 tolerent.
1446 1013 1507 1062 at
1534 1020 1597 1061 se
1626 1002 1936 1062 duodecim
1964 1001 2185 1076 legion-

187 1102 311 1159 ibus
354 1100 605 1177 petitum
648 1099 799 1159 duce
832 1100 1068 1160 Tiberio
1112 1101 1414 1160 inlibatam
1459 1100 1894 1161 Germanorum
1945 1099 2188 1176 gloriam

188 1200 517 1269 servavisse,
548 1217 688 1258 mox
726 1200 1166 1259 condicionibus
1204 1202 1406 1278 aequis
1435 1202 1790 1274 discessum;
1835 1219 2025 1277 neque
2054 1218 2187 1277 pae-

190 1302 363 1359 nitere
393 1298 557 1377 quod
590 1298 847 1374 ipsorum
885 1299 947 1356 in
981 1318 1162 1358 manu
1199 1300 1285 1371 sit,
1316 1301 1601 1377 integrum
1637 1301 1941 1361 adversum
1971 1300 2190 1358 Roma·
2215 1323 2272 1358 10

138 1411 166 1456 3
191 1416 296 1457 nos
337 1397 560 1455 bellum
602 1412 679 1454 an
729 1414 938 1473 pacem
985 1398 1348 1460 incruentam
1390 1399 1608 1457 malint.
1693 1399 1781 1458 his
1827 1399 2064 1458 vocibus
2105 1398 2192 1456 in-

192 1498 432 1557 stinctos
475 1488 762 1555 exercitus
805 1496 1072 1573 propriae
1110 1514 1346 1573 quoque
1388 1516 1598 1557 causae
1641 1497 2028 1569 stimulabant,
2058 1515 2195 1556 cum

192 1616 225 1655 a
251 1595 566 1655 Cheruscis
600 1594 1120 1670 Langobardisque
1163 1613 1270 1671 pro
1315 1596 1554 1672 antiquo
1599 1596 1809 1656 decore
1853 1607 1951 1656 aut
1982 1597 2195 1655 recenti

140 1706 171 1751 4
192 1693 455 1753 libertate
512 1702 570 1752 et
615 1702 818 1751 contra
839 1672 852 1686 ’
871 1692 1175 1768 augendae
1236 1692 1618 1752 dominationi
1671 1703 1993 1754 certaretur.
2077 1713 2198 1754 non

191 1793 329 1852 alias
374 1791 594 1850 maiore
632 1790 787 1849 mole
827 1808 1175 1849 concursum
1208 1809 1400 1867 neque
1434 1792 1710 1868 ambiguo
1749 1793 1936 1869 magis
1967 1803 2193 1866 eventu,
2220 1816 2274 1866 15

193 1892 332 1950 fusis
362 1890 654 1966 utrimque
677 1889 890 1948 dextris
919 1889 1222 1964 cornibus;
1252 1892 1702 1969 sperabaturque
1729 1910 1955 1950 rursum
1983 1910 2198 1970 pugna,

141 2006 171 2050 5
195 1991 253 2048 ni
311 1988 719 2047 Maroboduus
775 1997 959 2047 castra
1016 1990 1076 2046 in
1133 1989 1310 2048 colles
1366 1990 1746 2049 subduxisset.
1841 1990 1899 2048 id
1968 1992 2199 2067 signum

198 2088 445 2165 perculsi
488 2087 626 2159 fuit3
669 2096 727 2146 et
766 2086 1096 2163 transfugiis
1136 2087 1414 2163 paulatim
1459 2086 1707 2146 nudatus
1758 2089 1819 2146 in
1866 2088 2197 2149 Marcoma-

200 2205 307 2247 nos
348 2187 637 2246 concessit
667 2186 933 2262 misitque
975 2186 1199 2262 legatos
1235 2187 1313 2245 ad
1342 2186 1642 2246 Tiberium
1675 2197 1937 2267 oraturos
1971 2189 2193 2248 auxilia.

148 2299 179 2344 6
200 2303 545 2362 responsum
579 2294 666 2342 est
707 2304 829 2343 non
867 2286 984 2343 iure
1016 2302 1153 2343 eum
1193 2285 1466 2344 adversus
1508 2284 1839 2345 Cheruscos
1881 2305 2041 2346 arma
2076 2287 2199 2348 Ro·
2222 2312 2284 2347 20

201 2402 377 2442 mana
417 2383 704 2454 invocare,
734 2383 833 2458 qui
874 2383 1186 2458 pugnantis
1230 2384 1292 2440 in
1333 2383 1583 2442 eundem
1625 2385 1853 2443 hostem
1897 2385 2203 2447 Romanos

203 2481 358 2540 nulla
394 2498 510 2555 ope
552 2480 796 2539 iuvisset.
880 2481 1090 2539 missus
1118 2490 1317 2540 tamen
1343 2480 1588 2554 DrusuS,
1616 2492 1680 2540 ut
1707 2483 2043 2556 rettulimuS‚
2073 2486 2205 2561 paci

206 2581 472 2638 firmator.
792 2636 800 2644 ,

284 2684 392 2738 47.
434 2675 663 2734 Eodem
704 2694 862 2735 anno
900 2675 1210 2735 duodecim
1248 2678 1499 2737 celebres
1533 2677 1708 2738 Asiae
1750 2680 1925 2739 urbes
1967 2681 2206 2758 conlap-

209 2795 303 2840 sae
345 2784 635 2834 nocturno
670 2783 833 2833 motu
873 2786 1066 2846 terrae,
1105 2794 1224 2851 quo
1267 2776 1607 2853 inprovisior
1648 2778 1986 2855 graviorque
2029 2781 2203 2855 pestis
2227 2805 2285 2853 ²5

157 2894 187 2937 2
209 2875 327 2935 fuit.
415 2891 606 2949 neque
651 2872 885 2932 solitum
927 2874 987 2930 in
1044 2873 1142 2931 tali
1199 2892 1341 2933 casu
1381 2875 1663 2951 effugium
1720 2879 2109 2951 subveniebat,
2152 2880 2213 2938 in

214 2982 409 3050 aperta
458 2971 888 3048 prorumpendi,
932 2972 1070 3047 quia
1118 2971 1366 3030 diductis
1414 2974 1574 3031 terris
1619 2973 2041 3036 hauriebantur.
2126 2996 2213 3036 se-

217 3072 360 3130 disse
411 3072 710 3128 inmensos
766 3079 1012 3142 monteS‚
1056 3070 1175 3129 visa
1223 3071 1284 3128 in
1341 3071 1523 3131 arduo
1573 3091 1721 3149 quae
1769 3075 1945 3150 plana
1991 3075 2213 3147 fuerint,

162 3185 191 3228 3
217 3169 495 3228 effulsisse
530 3168 674 3225 inter
712 3169 937 3226 ruinam
991 3168 1156 3245 ignes
1199 3181 1537 3230 memorant.
1624 3173 1938 3248 asperrima
1981 3174 2042 3231 in
2084 3174 2216 3233 Sar-

221 3268 422 3326 dianos
464 3266 587 3325 lues
627 3266 938 3342 plurimum
980 3267 1039 3324 in
1081 3267 1323 3326 eosdem
1364 3269 1786 3329 misericordiae
1830 3272 2029 3329 traxit:
2077 3291 2217 3330 nam
2238 3298 2298 3345 30

222 3368 475 3424 centiens
515 3364 835 3423 sestertium
878 3365 1164 3441 pollicitus
1194 3365 1424 3438 Caesar,
1455 3378 1512 3425 et
1545 3378 1828 3445 quantum
1862 3369 2080 3428 aerario
2124 3382 2221 3430 aut

165 3477 201 3521 4
225 3463 362 3521 fisco
418 3461 767 3538 pendebant,
826 3463 885 3519 in
943 3463 1404 3539 quinquennium
1465 3466 1695 3526 remisit.
1823 3466 2129 3543 Magnetes
2186 3489 2221 3527 a

229 3560 421 3636 Sipylo
464 3561 713 3637 proximi
744 3560 963 3620 damno
1007 3579 1073 3618 ac
1120 3564 1372 3621 remedio
1419 3564 1607 3622 habiti.
1695 3565 1996 3640 TemnioS,
2036 3567 2223 3626 Phila-
