2594 3925
212 234 331 276 ΑΛ).
367 212 475 300 25.]
787 228 1011 277 LIBER
1054 228 1151 278 IV.
1221 229 1375 278 CAP.
1422 221 1637 295 33-36.
2098 181 2214 291 185·

211 388 439 463 probra,
478 397 564 446 set
603 387 782 445 multa
828 404 962 446 cum
1007 385 1313 444 acerbitate
1353 385 1603 459 habent3
1662 385 1918 445 carmina
1952 383 2212 442 Bibaculi
2285 409 2292 420 Χ

210 498 267 544 et
310 484 519 544 Catulli
559 486 764 545 referta
806 484 1169 543 contumeliis
1211 484 1530 543 Caesarum
1576 483 1870 561 leguntur:
1940 483 2044 542 sed
2088 482 2212 559 ipse

210 583 380 641 divus
420 582 612 655 IuliuS,
657 584 779 659 ipse
825 583 988 641 divus
1020 582 1317 659 Augustus
1359 592 1418 641 et
1460 582 1635 641 tulere
1678 583 1785 641 ista
1826 591 1883 639 et
1920 581 2210 657 reliquere,

210 680 373 738 haud
399 679 564 738 facile
586 680 841 752 dixerim,
864 680 1256 739 moderatione
1285 681 1473 755 magis
1502 699 1579 738 an
1606 679 1903 757 sapientia.
1961 695 2213 755 namque

209 788 406 853 spreta
432 778 806 837 exolescunt:
853 778 901 835 si
930 779 1188 849 irascare,
1225 778 1463 854 adgnita
1491 776 1784 840 videntur!
2238 800 2264 848 5

292 882 400 935 35.
445 875 620 934 ‘Non
675 876 896 953 attingo
954 875 1229 946 GraecOS,
1282 893 1530 953 quorum
1572 893 1695 934 non
1740 874 1920 933 modo
1967 874 2213 943 libertaS,

210 974 390 1032 etiam
420 972 599 1034 libido
641 975 954 1050 impunita;
1006 985 1110 1032 aut
1144 975 1193 1033 si
1234 975 1363 1050 quis
1405 974 1654 1045 advertit,
1685 973 1849 1032 dictis
1876 972 2029 1031 dicta
2065 971 2216 1029 ultus

152 1080 185 1123 2
211 1083 315 1130 est.
384 1071 487 1130 sed
514 1071 766 1129 maxime
796 1071 1047 1130 solutum
1074 1081 1132 1130 et
1161 1071 1283 1130 sine
1314 1074 1694 1130 obtrectatore
1733 1070 1837 1130 fuit
1873 1069 2115 1146 prodere
2143 1068 2216 1126 de

153 1178 183 1220 3
211 1170 298 1240 iis,
330 1186 478 1245 quos
505 1187 662 1227 mors
690 1170 827 1228 odio
856 1180 955 1228 aut
983 1170 1198 1245 gratiae
1227 1170 1553 1228 exemisset.
1635 1186 1777 1226 num
1805 1168 1961 1226 enirn
1988 1165 2217 1224 armatis

214 1266 424 1325 Cassio
468 1276 527 1325 et
570 1265 750 1325 Bruto
795 1285 865 1326 ac
911 1262 1310 1344 Philippenses
1353 1284 1592 1343 campos
1646 1266 2038 1343 optinentibus
2083 1264 2215 1322 belli
2239 1286 2298 1321 10

213 1365 393 1423 civilis
423 1382 599 1423 causa
632 1366 914 1442 populum
950 1383 1054 1442 per
1080 1365 1384 1423 contiones
1424 1364 1713 1423 incendo?
1763 1382 1840 1421 an
1878 1362 1957 1419 illi
1984 1362 2219 1438 quidem

213 1463 747 1539 septuagensimum
782 1473 914 1522 ante
954 1481 1174 1521 annum
1209 1463 1468 1538 peremti,
1498 1479 1616 1539 quo
1657 1461 1835 1520 modo
1877 1461 2219 1537 imaginibus

213 1562 333 1619 suis
379 1571 709 1633 noscuntur,
753 1579 896 1637 quas
945 1580 1021 1619 ne
1063 1561 1241 1619 victor
1285 1559 1519 1637 quidem
1568 1559 1831 1630 abolevit,
1875 1559 1957 1616 sic
1999 1568 2219 1634 partem

148 1673 187 1716 4
211 1659 528 1717 memoriae
557 1660 714 1734 apud
741 1659 1044 1736 scriptores
1072 1658 1354 1716 retinent?
1397 1675 1567 1716 suum
1590 1658 1797 1733 cuique
1821 1657 1999 1715 decus
2026 1666 2219 1733 poste-

210 1759 348 1814 ritas
374 1755 668 1832 rependit;
709 1775 816 1815 nec
846 1756 1100 1827 deerunt,
1122 1756 1170 1813 si
1193 1754 1486 1814 damnatio
1514 1755 1741 1830 ingruit,
1760 1754 1859 1831 qui
1886 1771 2008 1811 non
2036 1754 2216 1812 modo
2241 1745 2297 1826 15'

151 1860 185 1905 5
212 1853 402 1912 Cassii
452 1864 508 1911 et
552 1853 727 1925 Bruti,
758 1864 844 1912 set
885 1854 1058 1912 etiam
1102 1854 1218 1911 mei
1266 1852 1666 1911 meminerint!
1771 1869 2034 1926 egressus
2084 1851 2219 1909 dein

212 1960 422 2011 senatu
461 1952 638 2009 vitam
679 1951 1021 2011 abstinentia
1063 1951 1259 2010 finivit.
1343 1951 1518 2010 libros
1561 1970 1664 2029 per
1704 1949 1917 2010 aediles
1959 1968 2217 2009 creman-

150 2056 186 2100 6
213 2050 325 2108 dos
353 2067 629 2110 censuere
666 2062 896 2126 patres:
941 2060 1028 2109 set
1066 2060 1419 2121 manserunt,
1462 2049 1731 2108 occultati
1766 2057 1824 2107 et
1862 2049 2015 2107 editi.
2098 2067 2216 2125 quo

213 2148 403 2223 magis
432 2148 758 2207 socordiam
794 2166 996 2206 eorum
1035 2147 1277 2206 inridere
1311 2148 1463 2219 libet,
1493 2149 1592 2224 qui
1633 2147 1919 2223 praesenti
1959 2147 2219 2223 potentia

152 2262 187 2311 ¹7
215 2246 461 2304 credunt
490 2246 747 2320 extingui
773 2263 948 2322 posse
980 2247 1154 2304 etiam
1183 2246 1477 2322 sequentis
1505 2245 1632 2303 aevi
1659 2245 2017 2303 memoriam.
2080 2264 2216 2304 nam
2238 2270 2299 2304 20

215 2353 420 2402 contra
454 2343 668 2419 punitis
706 2344 954 2419 ingeniis
995 2343 1182 2420 gliscit
1218 2345 1544 2414 auctoritaS,
1582 2360 1770 2419 neque
1811 2343 1967 2401 aliud
1998 2345 2219 2402 externi

213 2460 381 2518 reges
411 2450 509 2499 aut
535 2443 636 2517 qui
663 2441 870 2500 eadem
909 2441 1140 2500 saevitia
1176 2442 1265 2499 usi
1306 2451 1453 2512 sunt,
1483 2441 1591 2500 nisi
1620 2441 1870 2499 dedecus
1903 2441 2011 2498 sibi
2048 2452 2219 2518 atque

214 2540 325 2598 illis
353 2539 598 2616 gloriam
626 2558 916 2616 peperere.
1804 2555 1807 2558 ·

297 2644 405 2697 36.
448 2636 720 2696 Ceterum
768 2638 1127 2715 postulandis
1171 2640 1284 2698 reis
1332 2648 1454 2697 tam
1502 2640 1811 2698 continuus
1866 2657 2053 2698 annus
2099 2640 2219 2711 fuit,

213 2744 278 2793 ut
308 2734 575 2792 feriarum
617 2734 953 2794 Latinarum
992 2736 1194 2795 diebus
1235 2736 1589 2813 praefectum
1629 2738 1787 2795 urbis
1806 2737 2090 2807 -Drusum,
2121 2756 2217 2796 au·
2241 2763 2298 2812 25

216 2832 480 2910 spicandi
517 2833 701 2908 gratia
729 2834 972 2892 tribunal
1009 2834 1348 2910 ingressum,
1379 2835 1579 2894 adierit
1620 2834 1964 2911 Calpurnius
2007 2835 2222 2894 Salvia-

215 2948 326 2988 nus
368 2931 429 2987 in
474 2929 713 2987 Sextum
755 2930 1040 2990 Marium:
1087 2934 1247 3009 quod
1279 2952 1316 2990 a
1357 2932 1603 2992 Caesare
1644 2934 1840 3010 palam
1879 2933 2219 3009 increpitum

152 3040 190 3086 2
216 3046 395 3086 causa
428 3028 580 3086 exilii
626 3027 891 3087 Salviano
930 3028 1048 3088 fuit.
1134 3031 1364 3090 obiecta
1405 3031 1635 3107 publice
1666 3030 1968 3109 Cyzicenis
2000 3032 2219 3091 incuria

215 3126 697 3184 caerimoniarum
736 3127 849 3185 divi
876 3126 1138 3204 Augusti,
1169 3128 1376 3188 additis
1403 3130 1704 3189 violentiae
1742 3129 2073 3189 criminibus
2115 3131 2217 3189 ad-

152 3235 189 3281 8
214 3242 443 3282 versum
485 3225 636 3283 cives
681 3224 1002 3284 Romanos
1085 3236 1143 3285 et
1182 3228 1424 3286 amisere
1464 3227 1798 3301 libertatem,
1842 3245 2017 3304 quam
2058 3228 2213 3288 bello
2230 3254 2297 3301 30

215 3320 562 3380 Mithridatis
603 3333 940 3394 meruerant,
980 3324 1339 3383 circumsessi
1379 3344 1490 3385 nec
1526 3327 1718 3384 minus
1752 3343 1854 3384 sua
1891 3330 2215 3387 constantia

150 3432 190 3478 4
215 3437 391 3496 quam
427 3421 714 3496 praesidio
756 3419 981 3479 Luculli
1018 3423 1186 3498 pulso
1223 3441 1377 3498 rege.
1461 3432 1520 3482 at
1547 3423 1821 3482 Fonteius
1859 3422 2085 3500 Capit0,
2114 3426 2211 3503 qui

215 3535 322 3594 pro
367 3517 604 3575 consule
653 3519 855 3576 Asiam
905 3530 1208 3590 curaverat,
1255 3521 1583 3589 absolvitur,
1634 3531 1910 3597 conperto
1968 3521 2101 3579 ficta
2150 3525 2210 3581 in
