2594 3925
292 258 412 298 ΑΛ).
446 236 552 321 25]
866 226 1095 297 LJBER
1138 248 1232 297 IV.
1304 249 1455 298 CAP.
1501 260 1716 317 40-43.
2016 275 2021 280 ·
2059 213 2063 216 -
2185 247 2295 316 189

290 409 609 483 praeberet,
639 408 752 465 huc
787 407 963 478 flexit,
1021 417 1083 465 ut
1146 406 1447 466 Tiberium
1504 408 1579 466 ad
1625 408 1801 466 vitam
1856 409 2059 485 procul
2104 409 2297 469 Roma

230 516 263 561 3
290 506 559 564 amoenis
579 505 724 563 locis
747 505 1072 581 degendam
1095 503 1430 581 impelleret.
1486 505 1666 563 multa
1683 507 1897 582 quippe
1925 508 2295 583 providebat:

287 622 395 662 sua
425 604 487 661 in
514 621 692 661 manu
719 602 904 661 aditus
933 603 1337 679 literarumque
1365 621 1586 679 magna
1627 622 1701 662 ex
1736 614 1895 680 parte
1933 623 1995 662 se
2026 606 2297 664 arbitrum

287 701 432 772 fore,
463 719 597 759 cum
634 719 736 778 per
776 701 986 759 milites
1029 710 1466 772 commearent3
1519 718 1660 759 mox
1694 700 2004 760 Caesarem
2032 714 2299 779 vergente

288 800 408 857 iam
454 809 686 858 senecta
720 809 1058 876 secretoque
1091 799 1207 857 loci
1246 799 1534 858 mollitum
1577 799 1775 857 munia
1817 800 2041 876 imperii
2082 800 2300 860 facilius
2323 826 2349 873 5

285 897 688 955 tramissurum
707 916 723 969 3
759 907 815 955 et
835 897 1018 955 minui
1038 897 1149 955 sibi
1171 896 1447 955 invidiam
1464 897 1736 973 adempta
1756 897 2103 957 salutantum
2120 900 2297 970 turba,

220 1007 261 1053 4
287 994 651 1072 sublatisque
680 996 947 1054 inanibus
974 1013 1171 1054 veram
1197 996 1520 1071 potentiam
1548 997 1760 1072 augeri.
1830 996 2000 1072 igitur
2026 996 2299 1072 paulatim

288 1094 531 1169 negotia
564 1093 737 1164 urbis,
775 1094 975 1171 populi
1017 1093 1308 1165 adcmm,
1343 1094 1769 1152 multitudinem
1802 1094 2174 1153 adfluentium
2211 1096 2299 1153 in-

288 1201 508 1267 crepat,
536 1191 815 1251 extollens
849 1191 1113 1250 laudibus
1141 1192 1395 1267 quietem
1432 1201 1489 1250 et
1524 1192 1911 1262 solitudinem,
1942 1193 2070 1269 quis
2098 1193 2298 1252 abesse

286 1288 489 1348 taedia
515 1299 573 1349 et
598 1289 955 1350 offensiones
984 1308 1053 1347 ac
1080 1289 1393 1366 praecipua
1418 1309 1608 1349 rerum
1634 1291 1887 1349 maxime
1915 1291 2132 1367 agitari.
2318 1315 2376 1350 10

372 1393 480 1447 42.
522 1388 613 1447 Ac
656 1388 804 1447 sorte
853 1388 1049 1447 habita
1090 1404 1195 1464 per
1238 1387 1371 1445 illos
1412 1388 1536 1447 dies
1577 1388 1650 1446 de
1690 1388 1947 1448 Votieno
1991 1388 2299 1460 Montan0‚

291 1486 537 1545 celebris
564 1486 782 1563 ingenii
806 1486 947 1557 vir0,
979 1485 1238 1560 cognitio
1269 1495 1641 1545 cunctantem
1678 1487 1795 1545 iam
1833 1487 2136 1546 Tiberium
2170 1507 2299 1566 per-

291 1584 436 1660 pulit
472 1594 536 1642 ut
562 1583 828 1643 vitandos
870 1582 1126 1642 crederet
1168 1593 1397 1660 patrum
1433 1595 1635 1644 coetus
1662 1602 1967 1662 vocesque,
1997 1605 2148 1664 quae
2179 1586 2301 1664 ple-

223 1697 262 1742 2
289 1700 534 1759 rumque
561 1700 726 1741 verae
755 1693 813 1742 et
849 1699 1049 1759 graves
1092 1699 1292 1739 coram
1330 1681 1750 1758 ingerebantur.
1834 1701 1973 1742 nam
2013 1685 2298 1760 postulato

289 1765 553 1838 Votieno
593 1782 673 1839 ob
714 1780 1092 1839 contumelias
1134 1767 1223 1837 in*
1239 1778 1553 1839 Caesarem
1593 1779 1795 1852 dictaS‚
1825 1781 1985 1840 testis
2021 1781 2302 1841 Aemilius
2326 1804 2379 1853 15

290 1897 326 1937 e
354 1878 694 1937 militaribus
721 1879 854 1937 viris
883 1877 1025 1936 dum
1053 1877 1242 1936 studio
1271 1878 1561 1955 probandi
1589 1889 1795 1938 cuneta
1822 1879 1991 1937 refert
2018 1889 2076 1938 et
2096 1898 2299 1956 quam-

292 1996 473 2054 quam
500 1978 646 2036 inter
673 1979 1071 2054 obstrepentes
1110 1995 1329 2053 magna
1370 1977 1803 2037 adseveratione
1849 1979 2058 2050 nititur,
2087 1979 2300 2037 audivit

260 2103 265 2108 ·
294 2076 567 2133 Tiberius
594 2076 805 2153 probra
832 2076 960 2151 quis
994 2094 1099 2151 per
1137 2076 1427 2134 occultum
1462 2076 1833 2147 lacerabatur,
1863 2077 2126 2153 adeoque
2168 2095 2299 2154 per-

293 2173 491 2232 culsus
516 2183 619 2245 est,
647 2183 710 2231 ut
738 2191 801 2232 se
830 2173 919 2232 vel
959 2173 1152 2232 statim
1180 2174 1269 2232 vel
1307 2174 1368 2231 in
1407 2174 1742 2250 cognitione
1778 2185 2149 2251 purgaturum
2185 2176 2297 2234 cla-

292 2273 519 2331 mitaret
558 2273 940 2349 precibusque
983 2272 1401 2347 proximorum,
1448 2271 1778 2331 adulatione
1822 2273 2085 2331 omnium
2129 2292 2297 2349 aegre
2319 2297 2380 2333 20

229 2388 264 2432 3
293 2380 676 2447 componeret
708 2370 980 2428 animum.
1068 2379 1127 2428 et
1155 2368 1439 2429 Votienus
1467 2370 1703 2448 quidem
1742 2371 2056 2430 maiestatis
2094 2373 2300 2457 poenis

294 2468 555 2527 adfectus
592 2478 711 2527 est:
768 2466 982 2526 Caesar
1023 2468 1313 2526 obiectam
1354 2467 1464 2526 sibi
1501 2467 1771 2528 adversus
1812 2486 1944 2528 reos
1983 2470 2298 2529 inclemen-

292 2568 439 2626 tiam
493 2585 567 2626 eo
621 2566 970 2644 pervicacius
1026 2566 1343 2643 amplexuS,
1400 2565 1689 2642 Aquiliam
1744 2566 2003 2648 adulterii
2052 2567 2297 2627 delatam

294 2685 433 2726 cum
474 2665 654 2723 Vario
698 2664 928 2740 Ligure,
971 2682 1330 2741 quamquam
1371 2662 1649 2722 Lentulus
1700 2664 2037 2725 Gaetulicus
2092 2666 2295 2725 consul

295 2764 634 2840 designatus
675 2762 800 2838 lege
844 2761 989 2819 Iulia
1033 2762 1382 2831 damnasset,
1429 2762 1603 2821 exilio
1643 2763 1864 2838 punivit
1904 2763 2295 2840 Apidiumque
2315 2787 2373 2837 25

296 2862 605 2930 Merulam,
635 2860 795 2937 quod
822 2860 882 2918 in
909 2869 1039 2918 acta
1068 2859 1183 2918 divi
1208 2858 1462 2934 Augusti
1490 2877 1613 2918 non
1640 2860 1937 2932 iuraverat,
1966 2861 2100 2920 albo
2129 2880 2295 2921 sena-

295 2961 446 3019 torio
473 2959 660 3018 erasit.

378 3064 485 3118 43.
535 3057 783 3115 Auditae
839 3056 1045 3116 dehinc
1101 3054 1704 3116 Lacedaemoniorum
1760 3067 1815 3116 et
1870 3055 2292 3118 Messeniorum

298 3157 619 3234 legationes
651 3154 723 3212 de
754 3155 872 3213 iure
899 3154 1100 3230 templi
1128 3154 1361 3213 Dianae
1389 3154 1749 3227 LimnatidiS,
1778 3155 1934 3231 quod
1962 3156 2080 3213 suis
2107 3175 2144 3214 a
2171 3175 2293 3215 ma-

300 3256 513 3315 ioribus
540 3270 756 3329 suaque
776 3252 836 3310 in
858 3262 1004 3311 terra
1032 3252 1286 3311 dicatum
1308 3251 1760 3311 Lacedaemonii
1783 3253 2091 3311 firmabant
2111 3272 2292 3313 anna·
2308 3278 2374 3326 30

298 3354 439 3411 lium
467 3350 748 3410 memoria
774 3360 1081 3426 vatumque
1109 3349 1476 3420 carminibus,
1506 3350 1609 3409 sed
1639 3349 1984 3409 Macedonis
2026 3350 2293 3428 Philippi,

301 3470 434 3511 cum
477 3467 594 3525 quo
633 3448 960 3520 bellassent,
1011 3448 1187 3506 armis
1235 3447 1570 3524 ademptum
1618 3465 1688 3506 ac
1736 3446 1867 3524 post
1911 3447 1979 3507 C.
2023 3447 2287 3508 Caesaris

238 3561 275 3608 2
300 3559 359 3609 et
401 3548 488 3607 M.
518 3548 759 3606 Antonii
793 3547 1076 3606 sententia
1115 3546 1419 3605 redditum.
1503 3553 1706 3605 contra
1739 3545 2017 3606 Messenii
2044 3556 2293 3607 veterem
