2594 3925
376 237 486 308 176
817 239 1180 290 CORNELII
1220 240 1484 289 TACITI
1517 239 1939 290 ANNALIUM
2011 225 2221 310 [A.U.c.
2255 248 2368 303 777.

447 406 538 461 17.
580 396 853 457 Cornelio
895 396 1158 475 Cethego
1199 396 1442 457 Visellio
1483 397 1749 457 Varrone
1791 396 2127 456 consulibus
2175 393 2365 472 ponti-

367 498 504 557 fices
532 514 845 573 eorumque
872 497 1141 574 exemplo
1172 496 1347 555 ceteri
1379 496 1724 568 sacerdoteS,
1754 513 1889 555 cum
1920 513 2031 572 pro
2063 494 2366 553 incolumi-

276 636 278 639 >
366 609 481 658 tate
516 597 790 674 principis
825 605 959 655 vota
999 596 1372 673 susciperent,
1409 596 1708 655 Neronem
1739 612 1977 672 quoque
2015 604 2074 653 et
2111 592 2367 652 Drusum

365 697 548 756 isdem
595 696 684 755 dis
730 695 1228 766 commendavere,
1269 712 1394 753 non
1436 703 1559 752 tam
1600 692 1834 752 caritate
1876 693 2147 752 iuvenum
2188 710 2365 770 quam

318 817 344 866 5
363 795 706 867 adulatione,
748 812 896 872 quae
937 794 1193 852 moribus
1233 793 1517 870 corruptis
1559 790 1799 869 perinde
1838 811 2077 870 ancepS,
2119 793 2169 851 si
2212 792 2368 849 nulla

364 903 421 953 et
453 894 555 952 ubi
585 893 765 952 nimia
800 903 904 953 est.
985 910 1125 951 nam
1158 891 1430 951 Tiberius
1466 890 1623 949 haud
1658 908 1939 969 umquam
1977 891 2178 950 domui
2218 889 2366 949 Ger·
2391 907 2426 952 2

363 993 575 1052 manici
607 992 778 1063 mitis,
807 1000 932 1049 tum
959 1009 1095 1050 vero
1124 990 1358 1067 aequari
1392 988 1791 1049 adulescentes
1820 998 2085 1049 senectae
2112 1007 2251 1048 suae
2278 989 2369 1047 in-

363 1092 643 1168 patienter
670 1079 912 1149 indoluit
935 1108 954 1161 3
996 1088 1329 1165 accitosque
1361 1088 1667 1165 pontifices
1695 1098 2066 1165 percontatus
2093 1097 2195 1158 est,
2224 1106 2369 1145 num

362 1190 419 1248 id
454 1190 720 1267 precibus
745 1188 1104 1265 Agrippinae
1137 1197 1234 1246 aut
1270 1186 1444 1245 minis
1475 1186 1825 1247 tribuissent.
1908 1196 1966 1246 et
1998 1186 2078 1245 illi
2111 1187 2369 1264 quidem,
2391 1200 2423 1245 8

290 1314 346 1348 10
362 1306 714 1366 quamquam
744 1288 1077 1359 abnuerent,
1105 1286 1338 1346 modice
1370 1285 1688 1363 perstricti;
1734 1285 1964 1345 etenim
1980 1303 2117 1362 pars
2147 1303 2368 1362 magna

363 1409 396 1448 e
442 1387 799 1465 propinquis·
836 1386 1014 1464 ipsius
1070 1395 1168 1445 aut
1220 1385 1502 1461 primores
1555 1383 1798 1443 civitatis
1852 1394 2052 1444 erant:
2109 1393 2369 1443 ceterum

361 1487 424 1544 in
479 1496 679 1545 senatu
725 1485 987 1544 oratione
1041 1484 1266 1543 monuit
1322 1484 1383 1541 in
1437 1493 1752 1561 posterum,
1802 1501 1880 1542 ne
1933 1482 2063 1560 quis
2118 1483 2368 1543 mobiles

361 1585 814 1644 adulescentium
863 1583 1091 1644 animos
1140 1582 1514 1660 praematuris
1561 1581 1881 1642 honoribus
1918 1581 1995 1641 ad
2036 1581 2367 1659 superbiam

361 1683 674 1743 extolleret.
756 1683 1005 1742 instabat
1052 1682 1269 1760 quippe
1320 1680 1559 1740 Seianus
1606 1680 2019 1758 incusabatque
2068 1679 2366 1739 diductam
2386 1689 2423 1735 4

288 1806 342 1855 15
363 1782 650 1841 civitatem
696 1790 759 1839 ut
813 1780 962 1840 civili
1015 1780 1207 1853 bello;
1263 1798 1392 1841 esse
1440 1780 1540 1857 qui
1588 1798 1651 1839 se
1707 1780 1954 1857 partium
2002 1780 2364 1857 Agrippinae

361 1890 586 1953 vocent,
628 1899 699 1940 ac
748 1880 808 1938 ni
855 1880 1161 1950 resistatur,
1202 1878 1329 1938 fore
1375 1879 1590 1956 pluris3
1640 1895 1831 1956 neque
1872 1878 2026 1938 aliud
2068 1877 2364 1955 gliscentis

361 1979 680 2039 discordiae
718 1979 1037 2039 remedium
1071 1996 1248 2055 quam
1285 1978 1337 2038 si
1372 1995 1523 2037 unus
1559 1977 1768 2037 alterve
1811 1979 2067 2037 maxime
2106 1979 2364 2055 prompti

361 2081 832 2138 subverterentur.
2179 2120 2184 2122 >

346 2178 351 2183 '
439 2183 534 2236 18.
579 2175 713 2248 Qua
760 2194 933 2235 causa
975 2175 1043 2235 C.
1089 2175 1291 2234 Silium
1332 2186 1391 2235 et
1419 2175 1644 2235 Titium
1686 2175 1965 2234 Sabinum
2014 2174 2361 2252 adgreditur.

283 2298 344 2333 20
361 2274 611 2332 amicitia
644 2273 976 2333 Germanici
1007 2274 1334 2349 perniciosa
1363 2274 1606 2351 utrique,
1642 2273 1783 2332 Silio
1816 2283 1876 2332 et
1912 2274 2073 2350 quod
2108 2273 2362 2351 ingentis

359 2372 642 2432 exercitus
682 2382 908 2450 septem
949 2390 1053 2449 per
1093 2390 1282 2430 annos
1325 2372 1656 2432 moderator
1691 2372 1984 2450 partisque
2021 2373 2178 2448 apud
2219 2372 2362 2433 Ger·

358 2471 615 2529 maniam
642 2469 1080 2546 triumphalibus
1110 2469 1491 2528 Sacroviriani
1516 2469 1651 2529 belli
1671 2470 1871 2543 victor,
1893 2479 2115 2547 quanto
2143 2471 2363 2530 maiore

357 2569 511 2627 mole
538 2568 880 2645 procideret,
902 2567 1032 2644 plus
1058 2566 1382 2626 formidinis
1410 2567 1472 2625 in
1492 2567 1638 2627 alios
1665 2567 2117 2645 dispergebatur.
2161 2570 2362 2628 crede·
2386 2583 2419 2629 Β

356 2669 498 2726 bant
537 2666 792 2743 plerique
833 2673 1063 2724 auctam
1105 2665 1494 2725 offensionem
1534 2665 1713 2742 ipsius
1754 2667 2212 2742 intemperantia,
2253 2668 2363 2725 im-

184 2818 191 2823 .
282 2789 340 2838 25
358 2765 590 2824 modice
631 2763 891 2823 iactantis
939 2781 1109 2822 suum
1154 2763 1396 2822 militem
1444 2763 1507 2821 in
1547 2764 1830 2842 obsequio
1873 2764 2182 2836 duravisse,
2223 2783 2363 2823 cum

359 2864 455 2922 alii
495 2862 570 2922 ad
619 2862 930 2921 seditiones
978 2861 1447 2938 prolaberentur3
1515 2879 1705 2939 neque
1751 2879 2088 2920 mansurum
2116 2862 2361 2921 Tiberio

357 2960 675 3038 imperium,
717 2959 767 3018 si
812 2959 882 3018 iis
922 2976 1158 3036 quoque
1204 2958 1532 3036 legionibus
1581 2958 1792 3035 cupido
1841 2959 2101 3018 novandi
2140 2958 2361 3020 fuisset.

357 3058 572 3118 destrui
616 3076 721 3135 per
769 3056 914 3116 haec
954 3056 1245 3116 fortunam
1296 3075 1462 3116 suam
1504 3056 1721 3116 Caesar
1767 3057 2147 3132 inparemque
2194 3066 2363 3116 tanto

357 3157 564 3215 merito
612 3156 856 3214 rebatur.
938 3172 1078 3212 nam
1124 3155 1411 3214 beneficia
1457 3173 1531 3214 eo
1578 3171 1763 3230 usque
1817 3153 1968 3213 laeta
2016 3163 2168 3224 sunt,
2218 3154 2362 3213 dum
2384 3170 2418 3216 8

283 3278 344 3326 30
359 3255 619 3313 videntur
659 3251 878 3312 exsolvi
923 3269 1134 3327 posse:
1186 3253 1286 3310 ubi
1334 3253 1580 3323 multum
1621 3261 1982 3324 antevenere,
2023 3269 2132 3330 pro
2171 3254 2362 3329 gratia

359 3352 559 3411 odium
585 3351 859 3410 redditur.

438 3454 538 3508 19.
578 3447 719 3507 Erat
747 3465 896 3505 uxor
930 3446 1073 3505 Silio
1111 3445 1279 3505 Sosia
1312 3445 1499 3520 Galla,
1529 3447 1761 3507 caritate
1790 3446 2144 3525 Agrippinae
2175 3447 2361 3508 invisa

358 3545 617 3622 principi.
687 3545 795 3604 hos
831 3545 1040 3621 corripi
1078 3544 1255 3603 dilato
1293 3545 1368 3603 ad
1410 3554 1637 3620 tempus
1679 3544 1899 3604 Sabino
1940 3544 2231 3621 placitum,
2272 3546 2359 3603 in-
