2594 3925
344 209 468 265 '102
591 185 595 192 ’
736 275 739 278 ‚
812 211 1179 262 CORNELII
1219 210 1484 260 TACJTJ
1515 208 1938 260 ANNALIUM
2014 195 2226 280 [nuc.
2256 208 2368 274 769·

354 372 620 449 precibus
677 380 952 430 tenerent.
1037 369 1192 428 haud
1239 369 1432 427 minus
1480 368 1640 426 liberi
1689 366 1903 427 doloris
1948 367 2369 427 documentum
2400 381 2433 426 3

356 471 513 529 idem
556 470 690 529 Piso
731 489 872 528 mox
916 468 1075 527 dedit
1115 477 1323 527 vocata
1361 466 1422 525 in
1464 467 1551 524 ius
1593 465 1925 543 Urgulania,
1969 485 2146 540 quam
2195 484 2374 542 supra

354 568 514 645 leges
542 568 794 626 amicitia
821 568 1119 643 Augustae
1143 566 1435 627 extulerat.
1520 583 1630 623 nec
1659 574 1756 623 aut
1784 563 2109 640 Urgulania
2143 573 2373 640 optem·
2401 582 2438 627 4

357 667 588 743 peravit‚
636 667 696 724 in
755 667 999 726 domum
1051 665 1318 725 Caesaris
1375 672 1570 741 spreto
1621 663 1838 722 Pisone
1893 671 2071 733 vecta,
2122 672 2222 721 aut
2280 663 2375 721 ille

302 788 330 837 5
355 765 648 838 abscessit,
671 783 1026 841 quamquam
1042 765 1307 839 Augusta
1336 781 1399 822 se
1430 762 1631 820 violari
1660 771 1717 822 et
1737 762 2001 819 imminui
2022 771 2377 838 quereretur.

356 862 622 921 Tiberius
662 863 943 922 hactenus
985 862 1282 937 indulgere
1323 860 1492 919 matri
1535 860 1695 919 civile
1736 870 1907 929 ratuS,
1948 870 2011 918 ut
2054 878 2115 918 se
2158 860 2380 917 iturum
2408 872 2442 918 5

355 961 429 1020 ad
466 962 743 1038 praetoris
780 961 1045 1032 tribunal,
1076 960 1405 1019 adfuturum
1433 958 1789 1036 Urgulaniae
1829 959 2056 1030 diceret,
2088 958 2381 1035 processit

357 1045 595 1132 Palatio,
653 1059 857 1136 procul
915 1059 1080 1135 sequi
1136 1058 1308 1117 iussis
1361 1058 1648 1117 militibus,
1751 1059 2110 1135 spectabatur
2168 1075 2380 1115 occur·
2408 1074 2444 1119 6

357 1167 518 1215 sante
568 1158 786 1234 populo
843 1157 1204 1233 compositus
1249 1175 1350 1216 ore
1394 1166 1452 1215 et
1508 1157 1869 1215 sermonibus
1918 1156 2085 1216 variis
2142 1166 2380 1232 tempus

283 1279 341 1313 10
360 1266 530 1331 atque
580 1255 686 1313 iter
734 1255 970 1326 ducenS,
1015 1254 1206 1314 donec
1248 1254 1591 1331 propinquis
1637 1249 1914 1314 Pisonem
1957 1253 2157 1312 frustra
2209 1272 2381 1312 coer-

360 1353 627 1412 centibus
664 1352 869 1411 deferri
909 1353 1170 1430 Augusta
1212 1352 1540 1429 pecuniam,
1585 1369 1735 1429 quae
1776 1354 2093 1428 petebatur,
2137 1352 2381 1409 iuberet.

360 1452 522 1527 isque
560 1450 692 1508 finis
724 1451 824 1522 rei,
854 1470 926 1509 ex
955 1469 1070 1527 qua
1108 1468 1297 1527 neque
1327 1450 1462 1507 Piso
1506 1450 1785 1526 inglorius
1819 1460 1877 1509 et
1904 1450 2122 1509 Caesar
2157 1450 2382 1508 maiore
2408 1464 2441 1512 7

360 1549 513 1607 fama
553 1548 674 1608 fuit.
758 1560 1012 1609 ceterum
1051 1548 1404 1625 Urgulaniae
1444 1549 1706 1625 potentia
1749 1549 1897 1608 adeo
1939 1548 2120 1606 nimia
2162 1548 2446 1607 civitatis

255 1698 269 1711 .
362 1657 499 1720 erat,
528 1658 591 1707 ut
617 1647 776 1706 testis
814 1648 875 1705 in
903 1665 1077 1706 causa
1106 1648 1378 1724 quadam,
1409 1665 1557 1723 quae
1587 1646 1745 1723 apud
1786 1657 2053 1705 senatum
2093 1647 2382 1705 tractaba-

287 1770 344 1819 15
363 1758 467 1814 tur,
494 1746 685 1805 venire
728 1729 1161 1822 dedignaretur:
1206 1745 1417 1803 missus
1460 1755 1548 1803 est
1589 1754 1816 1821 praetor
1857 1746 1955 1820 qui
1998 1744 2157 1802 domi
2202 1745 2380 1801 inter-

365 1856 607 1921 rogaret,
637 1863 771 1904 cum
812 1846 1062 1921 virgines
1091 1844 1356 1903 Vestales
1399 1844 1459 1901 in
1493 1843 1620 1901 foro
1664 1854 1719 1902 et
1747 1843 1961 1902 iudicio
2003 1842 2203 1913 audiri,
2234 1860 2383 1919 quo-

370 1944 519 2003 tiens
548 1943 946 2002 testimonium
975 1943 1246 2014 dicerent,
1278 1950 1441 2001 vetus
1468 1959 1602 2000 mos
1631 1940 1811 2000 fuerit.

449 2049 546 2101 35.
593 2042 712 2101 Res
754 2061 826 2102 eo
855 2061 1011 2100 anno
1051 2041 1301 2118 prolatas
1343 2041 1502 2103 haud
1532 2040 1819 2112 referrem,
1846 2039 1906 2097 ni
1946 2039 2188 2116 pretium
2233 2039 2386 2098 foret

369 2139 478 2200 Cn.
526 2139 754 2199 Pisonis
795 2150 853 2199 et
898 2140 1086 2198 Asinii
1128 2139 1283 2199 Galli
1333 2158 1505 2216 super
1548 2157 1621 2198 eo
1670 2138 1908 2215 negotio
1955 2138 2205 2197 diversas
2251 2156 2385 2196 sen-

291 2263 351 2296 20
369 2237 575 2297 tentias
602 2256 858 2297 noscere.
943 2239 1097 2311 Piso,
1126 2255 1481 2314 quamquam
1497 2237 1787 2295 afuturum
1816 2254 1878 2294 se
1907 2235 2126 2294 dixerat
2148 2234 2383 2305 Caesar,
2409 2251 2447 2297 2

370 2339 449 2396 ob
486 2336 546 2394 id
579 2338 764 2412 magis
805 2337 1063 2413 agendas
1105 2337 1396 2408 censebat,
1432 2347 1493 2394 ut
1535 2338 1772 2395 absente
1812 2334 2073 2412 principe
2116 2344 2384 2393 senatum

371 2444 429 2494 et
469 2434 688 2511 equites
727 2453 901 2512 posse
946 2453 1052 2494 sua
1092 2435 1292 2493 munia
1339 2435 1612 2493 sustinere
1662 2435 1937 2494 decorum
1985 2433 2066 2492 rei
2114 2433 2382 2509 publicae

372 2532 532 2592 foret.
616 2531 833 2604 GalluS‚
871 2533 1007 2610 quia
1045 2533 1301 2610 speciem
1335 2533 1610 2591 libertatis
1645 2533 1782 2591 Piso
1815 2540 2201 2608 praeceperat,
2244 2531 2383 2590 nihil
2410 2548 2445 2593 3

373 2632 512 2690 satis
555 2631 788 2689 inlustre
831 2641 928 2690 aut
968 2650 1040 2690 ex
1075 2631 1355 2708 dignitate
1396 2631 1597 2708 populi
1639 2631 1896 2691 Romani
1936 2630 2047 2689 nisi
2089 2647 2286 2711 coram
2328 2640 2385 2688 et

297 2752 355 2803 ²5
376 2730 482 2787 sub
528 2728 710 2788 oculis
760 2728 1042 2801 CaesariS‚
1089 2747 1278 2806 eoque
1323 2739 1675 2791 conventum
1723 2728 1924 2787 Italiae
1967 2737 2026 2787 et
2080 2727 2385 2787 adfluentis

374 2827 699 2903 provincias
727 2827 1085 2902 praesentiae
1129 2827 1251 2884 eius
1290 2826 1571 2885 servanda
1604 2827 1845 2884 dicebat.
1931 2826 2200 2884 audiente
2239 2825 2384 2886 haec
2408 2847 2448 2894 4

377 2925 614 2985 Tiberio
655 2943 724 2983 ac
767 2924 968 2983 silente
1005 2925 1236 3002 magnis
1270 2925 1556 3001 utrimque
1599 2924 2061 2984 contentionibus
2102 2934 2247 2997 acta,
2283 2924 2385 2984 sed

377 3042 468 3083 res
497 3023 723 3082 dilatae.

459 3129 560 3181 36.
604 3120 681 3178 Et
731 3129 1023 3179 certamen
1070 3119 1241 3179 Gallo
1291 3120 1564 3181 adversus
1610 3121 1921 3181 Caesarem
1976 3132 2239 3181 exortum
2282 3131 2385 3182 est.

301 3241 365 3291 30
380 3237 519 3277 nam
545 3218 766 3277 censuit
797 3219 858 3276 in
887 3218 1348 3294 quinquennium
1373 3220 1811 3295 magistratuum
1841 3220 2076 3279 comitia
2104 3220 2384 3292 habenda,

378 3326 557 3393 utque
597 3317 893 3393 legionum
932 3315 1122 3391 legati,
1152 3317 1251 3392 qui
1292 3327 1425 3375 ante
1467 3328 1795 3394 praeturam
1836 3336 1907 3376 ea
1946 3317 2144 3376 militia
2185 3317 2385 3394 funge-

381 3416 602 3485 bantur,
645 3415 764 3472 iam
806 3424 929 3472 tum
971 3423 1262 3490 praetores
1306 3415 1743 3487 destinarentur,
1772 3416 2041 3492 princeps
2082 3415 2383 3474 duodecim

384 3512 724 3570 candidatos
752 3512 810 3567 in
840 3530 1029 3569 annos
1069 3513 1328 3588 singulos
1362 3513 1704 3570 nominaret.
1789 3511 1943 3569 haud
1989 3513 2229 3581 dubium
2272 3522 2386 3570 erat
2407 3527 2437 3571 2
