2594 3925
181 229 310 269 aa).
338 235 417 282 19,
444 207 550 289 20.]
660 219 892 268 LIBER
919 221 1016 283 .JJ,
1042 220 1157 271 III.
1228 220 1383 270 CAP.
1427 215 1644 285 88—1,
1680 232 1731 271 2.
2085 232 2195 287 129

996 594 1241 653 LIBER
1299 596 1411 654 III.

271 797 322 849 1.
372 790 560 849 Nnnr,
608 789 934 849 intermissa
980 790 1348 864 navigatione
1389 788 1612 847 hiberni
1664 789 1838 849 maris
1882 790 2200 866 Agrippina

190 888 516 963 Corcyram
572 888 818 946 insulam
860 886 1173 958 advehitur,
1218 887 1384 945 litora
1428 886 1728 976 Calabriae
1772 897 1970 947 contra
2013 889 2196 946 sitam.

189 985 306 1043 illic
352 1004 573 1062 paucos
617 987 738 1044 dies
781 985 1175 1061 conponendo
1219 986 1416 1043 animo
1458 986 1709 1057 insumit,
1753 986 2002 1045 violenta
2044 986 2202 1044 luctu

132 1096 165 1139 2
191 1093 250 1140 et
276 1084 476 1142 nescia
502 1083 802 1142 tolerandi.
872 1083 1101 1141 interim
1129 1082 1380 1141 adventu
1409 1084 1530 1141 eius
1559 1085 1755 1143 audito
1783 1084 2017 1142 intimus
2047 1084 2200 1160 quis-

192 1200 307 1257 que
338 1182 662 1240 amicorum
692 1190 749 1240 et
776 1181 1037 1257 plerique
1066 1180 1355 1253 militareS,
1380 1190 1443 1238 ut
1472 1182 1686 1258 quique
1717 1183 1827 1240 sub
1850 1181 2202 1240 Germanico
2227 1204 2253 1252 5

194 1280 484 1355 stipendia
511 1279 781 1350 fecerant,
811 1279 1091 1355 multique
1130 1280 1305 1337 etiarn
1345 1281 1530 1356 ignoti
1559 1281 1759 1339 vicinis
1788 1300 1819 1339 e
1850 1280 2198 1356 municipiiS,

194 1396 325 1452 pars
369 1378 625 1437 officium
668 1379 729 1436 in
770 1378 1090 1454 principem
1133 1379 1253 1449 rati,
1284 1378 1477 1453 plures
1519 1378 1649 1437 illos
1692 1380 1890 1451 secuti,
1924 1398 2086 1438 ruere
2129 1378 2204 1437 ad

195 1478 482 1552 oppidum
510 1475 898 1545 Brundisium,
925 1476 1084 1551 quod
1114 1476 1411 1551 naviganti
1441 1477 1802 1536 celerrimum
1832 1478 2203 1537 fidissimum·-

137 1594 168 1638 3
197 1592 309 1649 que
352 1574 600 1650 adpulsu
642 1583 779 1632 erat.
865 1583 1037 1650 atque
1093 1574 1193 1631 ubi
1235 1575 1487 1650 primum
1530 1593 1603 1632 ex
1659 1575 1774 1634 alto
1810 1576 1930 1634 visa
1986 1576 2202 1645 classiS‚

198 1673 564 1748 complentur
593 1691 715 1731 non
756 1672 938 1731 modo
972 1681 1174 1748 portus
1212 1682 1269 1730 et
1308 1674 1579 1748 proxima
1611 1675 1805 1745 maris,
1835 1674 1940 1733 sed
1968 1674 2203 1733 moenia
2226 1696 2285 1731 10

196 1788 263 1829 ac
306 1780 480 1841 tecta,
520 1788 750 1846 quaque
783 1771 1123 1845 longissime
1158 1771 1514 1845 prospectari
1551 1780 1789 1848 poterat,
1820 1772 2202 1830 maerentium

198 1871 366 1927 turba
393 1879 453 1927 et
479 1869 850 1944 rogitantium
887 1869 1034 1926 inter
1072 1886 1153 1938 se,
1185 1868 1492 1928 silentione
1529 1887 1604 1926 an
1644 1888 1787 1930 voce
1823 1870 2012 1946 aliqua
2042 1889 2205 1945 egre-

140 1979 175 2023 4
200 1968 458 2026 dientem
488 1967 839 2044 exciperent.
915 1985 1103 2042 neque
1133 1967 1269 2026 satis
1300 1969 1605 2027 constabat
1638 1968 1778 2044 quid
1806 1988 1912 2044 pro
1940 1979 2202 2045 ternpore

199 2066 364 2136 foret,
398 2084 534 2124 cum
578 2066 773 2123 classis
816 2065 1093 2142 paulatim
1137 2067 1435 2136 successit,
1473 2084 1596 2124 non
1636 2066 1825 2138 alacri,
1862 2075 1924 2125 ut
1964 2066 2204 2137 adsolet,

142 2174 173 2219 5
199 2163 463 2239 remigi0,
480 2165 584 2221 sed
603 2163 824 2221 cunctis
847 2162 922 2221 ad
944 2163 1228 2221 tristitiam
1248 2164 1601 2240 compositis.
1646 2174 1958 2241 postquam
1977 2164 2205 2231 duobus
2231 2186 2285 2235 15

201 2281 337 2321 cum
402 2261 608 2331 liberis,
671 2261 905 2320 feralem
963 2279 1169 2320 urnam
1237 2271 1457 2333 tenenS,
1516 2280 1751 2338 egressa
1812 2263 1944 2321 navi
2009 2262 2208 2321 defixit

201 2360 421 2429 oeulos,
454 2358 611 2417 idem
652 2359 915 2418 omnium
957 2360 1238 2436 gemitus;
1282 2378 1474 2435 neque
1515 2359 1869 2419 discerneres
1907 2360 2207 2436 proximos

203 2459 442 2527 alienOS,
472 2458 724 2515 virorum
758 2457 1176 2516 feminarumve
1208 2458 1492 2534 planctus,
1523 2458 1634 2516 nisi
1673 2456 1834 2533 quod
1872 2458 2209 2515 comitatum

204 2556 563 2632 Agrippinae
591 2555 773 2631 longo
803 2573 1063 2613 maerore
1091 2554 1313 2613 fessum
1349 2556 1502 2615 obvii
1528 2565 1588 2614 et
1627 2564 1889 2615 recentes
1917 2556 1978 2613 in
2009 2555 2211 2616 dolore

206 2654 516 2711 anteibant.
2234 2678 2295 2712 20

285 2758 342 2810 2.
388 2751 630 2810 Miserat
686 2751 829 2812 duas
898 2752 1214 2829 praetorias
1271 2751 1541 2812 cohortes
1603 2751 1835 2823 Caesar,
1897 2752 2095 2810 addito
2150 2742 2213 2810 ut

208 2850 573 2925 magistratus
629 2848 928 2909 Calabriae
970 2852 1262 2927 Apulique
1306 2859 1363 2908 et
1406 2850 1694 2926 Campani
1751 2867 2021 2926 suprema
2076 2868 2214 2926 erga

152 2963 182 3008 2
209 2948 552 3007 memoriam
597 2948 696 3006 filii
752 2950 838 3007 sui
893 2949 1092 3008 munia
1148 2948 1539 3024 fungerentur.
1625 2950 1795 3026 igitur
1850 2948 2213 3007 tribunorum

210 3046 725 3122 centurionumque
767 3047 983 3105 umeris
1039 3046 1263 3105 cineres
1320 3048 1696 3122 portabantur
1712 3065 1728 3117 ;
1788 3044 2214 3121 praecedebant

209 3144 509 3220 incompta
540 3145 722 3219 signa,
753 3145 898 3203 versi
938 3145 1159 3216 fasces;
1205 3153 1376 3219 atque
1417 3145 1518 3202 ubi
1553 3144 1814 3203 colonias
1849 3142 2212 3217 transgrede-
2236 3165 2292 3214 ²5

210 3252 418 3312 rentur,
449 3252 630 3300 atrata
672 3242 887 3318 plebeS,
917 3243 1159 3301 trabeati
1194 3243 1417 3319 equites
1459 3260 1568 3317 pro
1611 3242 1818 3318 opibus
1848 3240 1964 3297 loci
1992 3249 2211 3297 vestem

156 3357 186 3404 3
210 3341 422 3398 odores
452 3339 675 3416 aliaque
705 3341 972 3399 funerum
1000 3341 1301 3399 sollemnia
1330 3342 1679 3400 cremabant.
1761 3339 1936 3396 etiam
1965 3354 2215 3413 quorum

215 3440 434 3496 diversa
464 3438 697 3515 oppida,
716 3448 913 3498 tamen
941 3438 1095 3498 obvii
1123 3447 1182 3497 et
1208 3440 1469 3497 victimas
1500 3449 1673 3514 atque
1696 3455 1821 3494 aras
1840 3436 1927 3494 dis
1945 3436 2214 3493 manibus

214 3546 527 3597 statuentes
564 3538 813 3597 lacrimis
848 3548 905 3597 et
942 3537 1499 3598 conclamationibus
1544 3536 1805 3595 dolorem
1843 3535 2214 3593 testabantur.

1194 3651 1234 3692 x
