2594 3925
195 210 326 250 nn.
356 188 459 272 17.]
786 200 1018 249 LIBER
1058 201 1138 249 JJ.
1207 200 1360 250 CAP.
1405 210 1619 266 41-43·
2094 204 2200 264 107

191 376 348 430 rum,
392 357 760 433 Philopatore
803 357 1049 417 Cilicum
1099 358 1330 433 regibus
1373 358 1655 417 defunctis
1696 357 2070 416 turbabantur
2098 375 2204 414 na-

196 455 407 527 tioneS‚
425 457 711 533 plerisque
731 457 1086 529 Romanum,
1108 457 1233 516 aliis
1250 457 1472 533 regium
1493 456 1796 533 imperium
1815 456 2171 533 cupientibus
2188 474 2204 527 3

198 562 263 611 et
303 556 633 630 provinciae
675 555 836 614 Sun’a
878 567 1048 633 atque
1096 554 1331 627 Iudaea,
1380 554 1567 614 fessae
1610 555 1896 626 oneribuS,
1942 554 2203 614 deminu-

196 653 422 711 tionem
452 654 641 711 tributi
668 655 927 713 orabant.

282 758 386 811 43.
458 752 637 827 Igitur
691 752 836 811 haec
892 761 950 811 et
1004 753 1077 812 de
1131 752 1407 812 Armenia
1461 770 1612 831 quae
1667 770 1839 828 supra
1893 750 2205 810 memoravi
2227 772 2255 823 5

198 850 360 926 apud
388 862 582 926 patres
610 849 886 922 disseruit,
915 870 1026 909 nec
1059 869 1232 927 posse
1261 862 1487 911 motum
1515 852 1796 910 orientem
1824 850 1935 908 nisi
1964 849 2204 909 Germa-

200 949 318 1006 nici
359 948 642 1025 sapientia
682 948 1000 1025 componi:
1046 967 1187 1007 nam
1227 967 1393 1008 suam
1440 958 1688 1008 aetatem
1733 966 1981 1024 vergere,
2031 946 2205 1005 Drusi

131 1055 168 1100 2
201 1046 469 1106 nondum
526 1048 661 1106 satis
718 1047 1052 1106 adolevisse.
1138 1058 1274 1106 tunc
1332 1047 1562 1107 decreto
1608 1058 1838 1124 patrum
1893 1045 2203 1122 permissae

200 1145 558 1204 Germanico
603 1146 937 1222 provinciae
983 1165 1132 1223 quae
1174 1147 1319 1205 mari
1362 1147 1704 1218 dividuntur,
1748 1146 2048 1222 maiusque
2097 1145 2205 1201 im-

200 1245 442 1320 perium,
488 1262 725 1321 quoquo
770 1245 998 1315 adisset,
1041 1263 1218 1322 quam
1257 1246 1327 1304 iis
1367 1247 1464 1322 qui
1506 1256 1659 1305 sorte
1701 1254 1799 1304 aut
1833 1245 2014 1303 missu
2050 1243 2203 1319 prin·
2227 1266 2285 1300 10

133 1352 170 1397 3
203 1344 347 1420 cipis
398 1343 736 1402 obtinerent.
822 1344 925 1403 sed
975 1344 1241 1403 Tiberius
1300 1346 1635 1404 demoverat
1691 1345 1856 1408 Suria
1911 1331 2203 1403 Creticum

205 1439 486 1514 Silanum,
529 1459 630 1517 per
679 1441 1035 1501 adfinitatem
1081 1461 1372 1503 conexum
1420 1443 1793 1515 Germanico,
1838 1443 1973 1519 quia
2019 1442 2201 1501 Silani

205 1538 320 1596 filia
366 1538 592 1598 Neroni
639 1540 1022 1599 vetustissimo
1073 1542 1380 1601 liberorum
1430 1542 1552 1600 eius
1593 1552 1765 1618 pacta
1805 1551 1942 1613 erat,
1985 1539 2204 1617 praefe-

205 1647 474 1715 ceratque
506 1637 619 1697 Cn.
636 1638 930 1710 Pisonem,
953 1640 1187 1715 ingenio
1209 1640 1523 1698 violentum
1551 1649 1609 1699 et
1636 1640 1898 1716 obsequii
1926 1640 2205 1715 ignarum,

202 1736 374 1793 insita
417 1734 631 1794 ferocia
672 1754 708 1793 a
747 1746 910 1813 patre
953 1736 1179 1809 Pisone,
1213 1738 1314 1816 qui
1356 1738 1503 1797 civili
1546 1738 1697 1798 bello
1740 1737 2103 1813 resurgentes
2143 1737 2202 1793 in
2229 1759 2285 1807 15

201 1834 401 1893 Africa
439 1844 632 1910 partes
684 1836 964 1894 acerrimo
1007 1837 1321 1895 ministerio
1368 1838 1641 1897 adversus
1687 1837 2000 1897 Caesarem
2054 1835 2205 1905 iuvit,

202 1951 347 1992 mox
392 1932 637 1992 Brutum
677 1942 736 1992 et
777 1932 1049 1994 Cassium
1091 1944 1337 2009 secutuS‚
1384 1954 1667 1996 concesso
1708 1936 1891 1995 reditu
1935 1934 2209 2012 petitione

203 2031 498 2090 honorum
543 2033 831 2105 abstinuit,
878 2033 1069 2093 donec
1114 2035 1264 2094 ultro
1310 2037 1618 2095 ambiretur
1663 2035 1919 2093 delatum
1967 2034 2041 2092 ab
2086 2034 2207 2091 Au-

140 2147 180 2194 4
204 2140 382 2206 gusto
438 2133 802 2192 consulatum
865 2135 1147 2211 accipere.
1223 2134 1326 2193 sed
1381 2144 1604 2212 praeter
1658 2144 1930 2210 paternos
1980 2133 2209 2208 spiritus

204 2230 402 2288 uxoris
445 2249 679 2307 quoque
722 2231 1033 2292 Plancinae
1075 2233 1371 2291 nobilitate
1415 2243 1473 2292 et
1506 2233 1718 2310 opibus
1755 2231 2208 2290 accendebatur:
2234 2253 2294 2287 20

204 2329 301 2385 vix
345 2328 588 2390 Tiberio
630 2331 963 2402 concedere,
993 2332 1206 2392 liberos
1247 2333 1368 2391 eius
1405 2341 1470 2390 ut
1510 2332 1757 2390 multum
1789 2330 1937 2388 infra
1970 2330 2209 2406 despec-

205 2436 345 2486 tare.
429 2446 542 2487 nec
582 2429 820 2488 dubium
862 2431 1113 2490 habebat
1152 2449 1216 2490 se
1258 2431 1561 2503 delectum,
1591 2431 1690 2507 qui
1719 2429 1918 2488 Suriae
1946 2429 2211 2505 impone-

146 2544 180 2591 5
203 2536 361 2584 retur
388 2526 466 2584 ad
495 2545 628 2602 spes
658 2527 992 2588 Germanici
1021 2530 1395 2589 coercendas.
1481 2528 1773 2587 credidere
1802 2528 2041 2604 quidam
2077 2527 2211 2586 data

205 2633 264 2684 et
312 2645 351 2684 a
397 2625 639 2687 Tiberio
682 2629 912 2687 occulta
957 2629 1234 2688 mandata
1250 2648 1266 2701 ;
1328 2637 1387 2687 et
1442 2628 1779 2686 Plancinam
1828 2627 1985 2685 haud
2041 2626 2211 2685 dubie

206 2723 476 2800 Augusta
502 2726 728 2784 monuit
755 2727 1140 2786 aemulatione
1166 2727 1430 2786 muliebri
1451 2727 1840 2804 Agrippinam
1868 2723 2208 2784 insectandi.
2233 2747 2289 2796 25

210 2823 391 2881 divisa
437 2840 691 2900 namque
741 2834 801 2882 et
849 2825 1071 2884 discors
1120 2825 1252 2884 aula
1297 2834 1421 2883 erat
1465 2824 1650 2883 tacitis
1702 2824 1761 2882 in
1804 2824 2061 2882 Drusum
2115 2832 2214 2881 aut

150 2933 185 2979 6
213 2919 634 2979 Germanicum
677 2922 894 2981 studiis,
981 2923 1251 2982 Tiberius
1280 2932 1345 2981 ut
1383 2923 1683 2999 proprium
1711 2932 1768 2981 et
1796 2923 1884 2981 sui
1915 2921 2214 2997 sanguinis

211 3021 471 3080 Drusum
512 3022 779 3082 fovebat:
820 3022 1174 3082 Germanico
1217 3023 1487 3081 alienatio
1530 3023 1715 3099 patrui
1757 3039 2017 3080 amorem
2058 3020 2216 3096 apud

212 3130 435 3180 ceteros
477 3130 732 3192 auxerat,
763 3131 821 3180 et
849 3123 982 3198 quia
1022 3121 1364 3180 claritudine
1404 3120 1648 3179 materni
1683 3120 1913 3197 generis
1944 3119 2212 3190 anteibat,

154 3228 186 3278 '7
213 3236 384 3276 avum
427 3217 515 3278 M.
564 3219 923 3291 Antonium,
955 3219 1303 3278 avunculum
1349 3220 1680 3295 Augustum
1723 3218 1928 3276 ferens,
2011 3227 2217 3275 contra
2232 3239 2298 3288 30

212 3315 408 3375 Druso
426 3303 432 3309 ’
449 3302 702 3393 proavus
737 3335 916 3395 eques
948 3317 1258 3375 Romanus
1285 3316 1650 3393 Pomponius
1678 3316 1908 3374 Atticus
1935 3313 2217 3373 dedecere
2297 3316 2298 3319 ’

213 3413 589 3474 Claudiorum
615 3416 899 3492 imagines
925 3415 1251 3473 videbatur:
1293 3424 1354 3473 et
1378 3415 1632 3474 coniunx
1652 3412 1983 3472 Germanici
2000 3411 2214 3489 Agrip-

213 3512 350 3588 pina
377 3512 726 3572 fecunditate
763 3532 831 3572 ac
876 3512 1032 3571 fama
1074 3512 1297 3572 Liviam
1326 3530 1566 3573 uxorem
1602 3511 1779 3573 Drusi
1816 3511 2215 3589 praecellebat.
