2594 3925
408 226 520 298 158
845 229 1210 284 CORNELII
1250 232 1343 281 TA
1355 231 1519 283 σιτ]
1551 231 1976 285 ANNALIUM
2059 220 2268 305 [nuc.
2293 244 2398 300 77⁵·

404 388 605 447 saltem
626 386 836 464 gentile
854 387 1011 463 apud
1032 386 1221 447 solum
1241 388 1538 464 inciperet.
1587 388 1801 447 bellum
1824 389 2043 448 scilicet
2063 399 2162 448 aut
2183 389 2401 449 diverso
2426 396 2476 444 4

402 495 675 545 terrarum
724 485 993 558 distineri,
1038 486 1205 545 litora
1252 496 1313 546 et
1359 488 1518 546 lacus
1569 486 1928 562 Campaniae
1972 506 2108 546 cum
2155 489 2403 546 maxime

401 593 812 659 peragrantem.
893 584 977 643 sic
1002 585 1184 643 imbui
1210 593 1498 644 rectorem
1526 584 1752 662 generis
1782 585 2036 657 humani,
2064 584 2126 643 id
2156 586 2404 661 primum
2425 594 2472 642 ,5

403 700 436 739 e
464 684 713 758 paternis
742 683 993 742 consiliis
1021 683 1255 761 discere.
1342 700 1482 742 sane
1509 692 1839 759 gravaretur
1865 693 2168 759 aspectum
2199 684 2406 742 civium
2429 691 2473 736 6

351 805 379 853 5
403 800 580 840 senex
622 781 932 857 imperator
972 780 1301 857 fessamque
1348 790 1602 840 aetatem
1643 790 1701 841 et
1750 789 1915 841 actos
1963 782 2195 840 labores
2244 799 2407 857 prae-

402 877 696 938 tenderet:
737 878 932 938 Druso
960 880 1122 956 quod
1150 880 1261 938 nisi
1289 898 1362 938 ex
1392 880 1735 955 adrogantia
1760 878 2283 956 impedimentum?

484 984 591 1037 60.
636 976 753 1035 Sed
799 976 1084 1047 Tiberius,
1135 977 1252 1035 vim
1307 977 1663 1054 principatus
1722 978 1832 1036 sibi
1888 978 2145 1049 firmans,
2205 978 2407 1054 imagi-

401 1094 538 1135 nem
588 1074 938 1151 antiquitatis
983 1076 1204 1135 senatui
1259 1077 1590 1152 praebebat,
1640 1075 1933 1152 postulata
1985 1076 2408 1151 provinciarum

402 1174 478 1233 ad
506 1173 961 1251 disquisitionem
989 1183 1216 1249 patrum
1243 1173 1543 1232 mittendo.
1628 1174 2024 1258 crebrescebat
2045 1174 2204 1231 enim
2227 1172 2405 1232 Grae·
2432 1179 2471 1225 8

333 1299 388 1333 10
405 1292 502 1333 cas
538 1291 641 1349 per
666 1273 838 1331 urbes
875 1271 1109 1331 licentia
1135 1281 1306 1350 atque
1345 1272 1657 1348 impunitas
1695 1272 1855 1350 asyla
1892 1273 2181 1331 statuendi
2206 1291 2227 1344 3
2271 1291 2408 1332 con-

403 1372 704 1448 plebantur
751 1370 967 1447 templa
1005 1371 1272 1447 pessimis
1316 1372 1704 1443 servitiorum3
1763 1370 1973 1430 eodem
2006 1370 2265 1458 subsidio
2307 1372 2408 1430 ob-

405 1469 576 1527 aerati
617 1467 919 1527 adversum
960 1470 1270 1530 creditores
1314 1470 1679 1545 suspectique
1722 1469 2058 1546 capitalium
2099 1469 2408 1528 criminum

402 1568 853 1643 receptabantur.
934 1586 1043 1628 nec
1076 1569 1256 1627 ullum
1291 1569 1431 1628 satis
1465 1566 1716 1627 validum
1752 1568 2057 1645 imperium
2096 1577 2217 1626 erat
2250 1586 2409 1627 coer·
2432 1580 2467 1627 8

404 1665 602 1726 cendis
645 1666 1026 1726 seditionibus
1068 1667 1284 1744 populi,
1322 1667 1539 1742 flagitia
1581 1666 1887 1725 hominum
1924 1677 1989 1725 ut
2030 1667 2409 1743 caerimonias

329 1788 384 1837 15
404 1764 576 1824 deum
602 1765 972 1842 protegentiS.
1053 1765 1225 1841 igitur
1257 1765 1532 1841 placitum
1564 1775 1629 1824 ut
1661 1765 1951 1824 mitterent
1993 1765 2251 1824 civitates
2290 1766 2411 1822 iura
2434 1770 2471 1816 4

404 1873 573 1941 atque
614 1864 849 1939 legatos·
931 1871 988 1921 et
1030 1863 1317 1941 quaedam
1360 1864 1519 1939 quod
1560 1863 1705 1921 falso
1745 1873 2159 1939 usurpaverant
2201 1873 2409 1941 sponte
2434 1872 2468 1918 5

404 1962 680 2045 omisere;
723 1961 935 2022 multae
982 1962 1219 2022 vetustis
1267 1961 1761 2039 superstitionibus
1802 1972 1901 2020 aut
1941 1961 2159 2022 meritis
2199 1962 2261 2021 in
2303 1979 2409 2040 po-

402 2061 600 2136 pulum
629 2061 965 2120 Romanum
994 2061 1267 2120 fidebant.
1352 2078 1680 2138 magnaque
1708 2060 1831 2119 eius
1866 2060 1979 2119 diei
2022 2061 2251 2137 species
2289 2062 2409 2130 fuit,
2435 2067 2471 2113 6

404 2177 522 2236 quo
550 2170 784 2220 senatus
811 2161 1095 2219 maiorum
1130 2158 1429 2231 beneficia,
1462 2159 1751 2218 sociorum
1779 2169 1967 2236 pacta⁹
1998 2176 2201 2234 regum
2238 2160 2413 2218 etiam

328 2280 388 2314 20
403 2259 501 2334 qui
527 2268 661 2319 ante
694 2260 811 2317 vim
849 2258 1186 2317 Romanam
1212 2258 1504 2317 valuerant
1545 2257 1777 2317 decreta
1815 2258 2190 2334 ipsorumque
2222 2257 2412 2315 numi-

404 2375 547 2414 num
583 2357 891 2434 religiones
930 2357 1287 2434 introspexit,
1316 2356 1515 2427 libero,
1544 2366 1607 2414 ut
1639 2355 1952 2433 quondam,
1981 2350 2123 2434 quid
2163 2355 2415 2415 firmaret

404 2465 734 2515 mutaretve.
1831 2466 1832 2469 ’

487 2560 582 2612 61.
620 2553 793 2611 Primi
849 2553 1113 2612 omnium
1161 2551 1400 2628 Ephesii
1456 2553 1663 2624 adiere,
1711 2561 2102 2611 memorantes
2157 2570 2302 2623 non,
2351 2560 2416 2611 ut

404 2650 604 2727 vulgus
642 2651 911 2721 crederet,
940 2650 1192 2710 Dianam
1228 2659 1401 2727 atque
1428 2650 1760 2727 Apollinem
1793 2649 1945 2710 Delo
1971 2650 2238 2726 genitos:
2285 2668 2414 2710 esse

330 2775 387 2823 25
408 2751 563 2828 apud
603 2771 665 2811 se
700 2751 1066 2812 Cenchreum
1107 2770 1359 2821 amnem,
1390 2752 1586 2811 lucum
1628 2750 1947 2828 Ortygiam,
1976 2751 2077 2810 ubi
2118 2750 2414 2811 Latonam

404 2858 572 2925 partu
612 2850 909 2926 gravidam
951 2859 1009 2909 et
1051 2849 1235 2922 oleae,
1278 2868 1429 2925 quae
1470 2860 1596 2908 tum
1638 2849 1812 2908 etiam
1853 2858 2102 2921 maneat,
2145 2849 2413 2909 adnisam

405 2947 651 3006 edidisse
706 2966 778 3007 ea
830 2948 1084 3019 numina„
1143 2948 1497 3025 deorumque
1553 2948 1779 3006 monitu
1847 2956 2131 3006 sacratum
2188 2966 2411 3007 nemus.

405 3053 574 3123 atque
617 3047 806 3123 ipsum
852 3046 963 3105 illic
995 3045 1329 3121 Apollinem
1369 3056 1504 3123 post
1550 3045 1874 3104 interfectos
1919 3044 2207 3121 Cyclopas
2257 3046 2411 3105 Iovis
2436 3060 2467 3107 2

405 3142 549 3201 iram
576 3144 850 3203 vitavisse.
933 3162 1074 3202 mox
1114 3144 1391 3202 Liberum
1423 3155 1661 3221 patrem,
1690 3144 1842 3203 bello
1871 3143 2165 3213 victorem,
2196 3143 2410 3220 suppli-

327 3263 390 3310 30
407 3241 568 3299 cibus
607 3241 994 3311 Amazonum,
1037 3260 1185 3319 quae
1226 3260 1386 3300 aram
1428 3242 1755 3313 insiderant,
1800 3241 2105 3317 ignovisse.
2177 3252 2405 3300 auctam
2432 3255 2463 3302 8

405 3338 540 3397 hinc
582 3356 866 3397 concessu
908 3339 1194 3410 HerculiS‚
1239 3358 1376 3398 cum
1418 3340 1603 3417 Lydia
1643 3348 1950 3417 poteretur,
1995 3339 2408 3397 caerimoniam

403 3435 638 3510 temp10,
667 3453 858 3512 neque
885 3435 1186 3494 Persarum
1223 3436 1451 3496 dicione
1489 3439 1849 3497 deminutum
1879 3437 1967 3496 ius
1981 3454 2000 3508 ς
2040 3443 2176 3512 post
2206 3433 2406 3494 Mace-

404 3531 607 3602 donaS,
636 3531 768 3590 dein
795 3550 904 3592 nos
934 3534 1259 3593 servavisse.
