2594 3925
208 197 360 241 mn.
394 179 501 265 24]
815 190 1044 240 LIBER
1085 192 1180 241 JV.
1250 191 1404 241 CAP.
1452 202 1666 259 29-33·
2136 187 2247 259 183

219 352 474 414 Claudii
541 351 817 431 principis
878 350 1130 410 amicitia
1194 348 1293 409 diu
1371 369 1660 429 prospere,
1726 371 2042 431 numquam
2101 353 2252 411 bene

137 466 181 514 ’1
217 472 429 512 usum.
516 453 723 511 eadem
761 469 955 529 poena
982 450 1043 507 in
1074 448 1282 509 Catum
1313 449 1593 510 Firmium
1622 462 1949 510 senatorem
1978 451 2252 521 statuitur,

223 562 546 630 tamquam
613 551 771 610 falsis
837 549 1154 608 maiestatis
1219 549 1554 607 criminibus
1616 567 1877 608 sororem
1944 550 2251 626 petivisset.

230 649 446 721 Catus,
487 643 555 709 ut'
592 648 797 718 rettuli,
841 646 1132 706 Libonem
1183 647 1463 706 inlexerat
1505 646 1743 718 insidiis,
1786 646 1999 705 deinde
2041 647 2256 705 indicio

147 760 196 803 8
233 747 580 823 perculerat.
662 746 785 804 eius
826 759 1049 820 'operae
1097 762 1322 803 memor
1350 744 1637 816 TiberiuS,
1683 743 1787 803 sed
1829 744 1940 801 alia
1990 754 2256 821 praeten-
2279 767 2307 816 5

239 846 411 916 dens,
462 844 697 901 exilium
741 844 1082 919 deprecatus
1128 852 1246 901 est:
1310 860 1428 919 quo
1471 842 1662 901 minus
1706 852 1908 901 senatu
1950 841 2255 920 pelleretur

239 961 365 1001 non
410 941 647 1000 obstitit.

323 1046 427 1099 32.
468 1040 751 1118 Pleraque
790 1033 1010 1112 eorum,
1054 1058 1201 1116 quae
1241 1041 1431 1100 rettuli
1472 1059 1736 1118 quaeque
1777 1040 2040 1112 referam,
2078 1058 2255 1116 parva

237 1139 485 1198 forsitan
513 1148 570 1196 et
596 1138 744 1198 levia
770 1149 1097 1221 memoratu
1118 1138 1297 1198 videri
1326 1157 1448 1197 non
1477 1140 1710 1199 nescius
1738 1158 1903 1199 sum:
1949 1138 2055 1198 sed
2077 1155 2255 1196 nemo

240 1237 485 1296 annales
513 1245 745 1297 nostros
773 1255 907 1296 cum
935 1237 1216 1313 scriptura
1253 1255 1458 1296 eorum
1499 1238 1879 1310 contenderit,
1909 1238 2008 1315 qui
2036 1245 2255 1294 veteres
2280 1258 2336 1294 10

167 1350 212 1395 2
239 1335 446 1412 populi
475 1334 731 1394 Romani
758 1353 851 1393 res
879 1352 1260 1410 conposuere.
1345 1336 1605 1412 ingentia
1637 1336 1716 1394 illi
1753 1336 1921 1408 bella,
1952 1353 2255 1413 expugna-

239 1435 435 1493 tiones
474 1433 719 1505 urbium,
762 1432 922 1492 fusos
964 1441 1284 1509 captosque
1328 1452 1510 1510 reges,
1540 1445 1640 1494 aut
1680 1436 1729 1493 si
1773 1434 2009 1511 quando
2051 1433 2128 1492 ad
2169 1433 2257 1518 in-

241 1542 411 1589 terna
450 1540 892 1607 praeverterent,
921 1530 1239 1590 discordias
1281 1532 1590 1591 consulum
1629 1533 1934 1592 adversum
1976 1532 2255 1601 tribunOS,

242 1630 504 1707 agrarias
553 1628 1066 1705 frumentariasque
1109 1628 1286 1706 legeS,
1330 1630 1515 1707 plebis
1555 1641 1614 1689 et
1664 1631 2027 1707 optimatium
2078 1639 2257 1689 certa-

179 1743 212 1787 3
241 1728 405 1785 mina
431 1727 614 1785 libero
653 1744 891 1803 egressu
923 1728 1365 1787 memorabant:
1409 1729 1579 1787 nobis
1623 1729 1684 1787 in
1722 1738 1847 1787 arto
1882 1738 1940 1787 et
1978 1727 2255 1805 inglorius
2278 1750 2333 1797 15

239 1823 446 1896 labor3
512 1826 756 1883 immota
802 1825 1016 1902 quippe
1073 1834 1170 1884 aut
1224 1826 1456 1885 modice
1505 1826 1765 1886 lacessita
1818 1844 1952 1902 pax,
2003 1836 2259 1884 maestae

176 1934 215 1978 4
240 1924 402 1982 urbis
431 1941 541 1994 res,
571 1932 629 1981 et
657 1924 928 2000 princeps
952 1924 1287 2000 proferendi
1317 1925 1522 2002 imperi
1558 1925 1880 1984 incuriosus
1914 1932 2054 1983 erat.
2136 1941 2259 1982 non

243 2032 445 2079 tamen
487 2020 613 2079 sine
653 2039 762 2079 usu
803 2021 967 2080 fuerit
1009 2022 1389 2099 introspicere
1430 2024 1526 2082 illa
1574 2023 1785 2100 primo·
1812 2031 2051 2099 aspectu
2095 2022 2256 2092 levia,

244 2137 319 2178 ex
351 2119 484 2196 quis
511 2137 857 2196 magnarum
886 2139 1061 2196 saepe
1089 2138 1282 2179 rerum
1311 2131 1506 2180 motus
1534 2121 1810 2179 oriuntur.
2303 2178 2305 2182 ,

327 2224 429 2277 33.
477 2217 636 2276 Nam
663 2229 901 2278 cunctas
928 2219 1194 2277 nationes
1227 2230 1284 2278 et
1325 2222 1498 2278 urbes
1540 2219 1790 2296 populus
1831 2228 1927 2277 aut
1970 2219 2255 2295 primores
2280 2242 2340 2276 20

245 2326 348 2376 aut
388 2316 599 2393 singuli
639 2326 881 2392 regunt:
933 2316 1158 2376 delecta
1193 2335 1267 2376 ex
1305 2318 1374 2375 iis
1409 2327 1467 2375 et
1502 2318 1840 2376 consociata
1871 2317 1953 2375 rei
1994 2317 2260 2393 publicae

244 2417 437 2474 forma
490 2413 707 2473 laudari
763 2412 987 2474 facilius
1045 2433 1224 2492 quam
1279 2417 1526 2487 evenire,
1583 2415 1673 2473 vel
1728 2415 1776 2473 si
1838 2416 2046 2487 evenit,
2104 2414 2261 2473 haud
2339 2450 2342 2453 -

181 2526 219 2571 2
246 2514 516 2573 diuturna
563 2531 690 2572 esse
739 2522 948 2589 potest.
1032 2513 1200 2590 igitur
1239 2523 1305 2571 ut
1353 2514 1494 2572 olim
1535 2513 1706 2590 plebe
1747 2513 1952 2585 valida,
1994 2513 2084 2571 vel
2125 2531 2260 2571 cum

247 2622 441 2690 patres
494 2610 792 2687 pollerent,
847 2611 1147 2689 noscenda
1201 2611 1357 2688 vulgi
1418 2620 1622 2670 natura
1679 2622 1736 2670 et
1793 2612 2004 2687 quibus
2053 2611 2260 2685 xmodis

249 2719 634 2786 temperanter
689 2708 1007 2782 haberetur,
1066 2718 1415 2787 senatusque
1486 2719 1543 2768 et
1598 2710 1967 2786 optimatium
2024 2710 2257 2786 ingenia
2280 2735 2302 2766 2
2309 2731 2337 2781 5

249 2809 348 2884 qui
404 2807 659 2865 maxime
713 2807 1152 2882 perdidicerant,
1211 2808 1402 2866 callidi
1464 2805 1792 2884 temporum
1857 2818 1916 2866 et
1970 2808 2260 2884 sapientes

249 2906 647 2977 credebantur,
676 2905 760 2964 sic
798 2922 1076 2963 converso
1107 2913 1273 2976 statu,
1304 2923 1494 2982 neque
1536 2905 1647 2963 alia
1680 2925 1742 2964 re
1787 2904 2058 2963 Romana
2084 2923 2260 2979 quam

251 3005 299 3064 si
340 3021 492 3061 unus
531 3003 833 3080 imperitet,
863 3001 1009 3061 haec
1048 3003 1312 3078 conquiri
1355 3003 1613 3080 tradique
1647 3004 1708 3061 in
1749 3021 1873 3062 rem
1911 3002 2094 3072 fuerit,
2124 3003 2260 3078 quia

252 3101 422 3177 pauci
477 3099 783 3176 prudentia
839 3099 1086 3159 honesta
1142 3102 1217 3159 ab
1275 3100 1672 3172 deterioribus,
1728 3101 1889 3158 utilia
1944 3101 2021 3158 ab
2069 3100 2258 3157 noxiis

192 3211 226 3256 3
253 3200 599 3269 discernunt,
654 3197 848 3274 plures
903 3197 1147 3255 aliorum
1219 3198 1437 3256 eventis
1493 3198 1789 3257 docentur.
1889 3205 2141 3255 ceterum
2193 3206 2256 3254 ut
2276 3222 2337 3269 30

252 3296 564 3373 profutura,
609 3296 688 3354 ita
735 3295 1042 3353 minimum
1104 3295 1512 3354 oblectationis
1563 3295 1843 3354 adferunt.
1929 3312 2067 3352 nam
2118 3294 2256 3353 situs
2352 3336 2355 3340 ⁴

253 3395 529 3470 gentium,
559 3393 856 3452 varietates
883 3392 1256 3469 proeliorum,
1285 3395 1423 3452 clari
1452 3394 1668 3452 ducum
1696 3394 1884 3452 exitus
1912 3393 2158 3451 retinent
2187 3412 2255 3452 ac

255 3490 645 3567 redintegrant
689 3491 1004 3568 legentium
1049 3491 1343 3550 animum:
1389 3509 1496 3550 nos
1540 3510 1707 3548 saeva
1746 3492 1916 3563 iussa,
1954 3491 2254 3549 continuas
