2594 3925
206 262 329 303 Am.
363 240 468 326 26.]
781 256 1009 305 LIBER
1053 255 1150 306 IV.
1219 256 1371 306 CAP.
1419 263 1634 323 51-54.
2094 262 2207 323 195

108 418 166 464 6
209 410 282 468 ad
310 410 527 469 cultum
558 412 841 489 delegerit,
872 414 1051 473 oblita
1080 415 1279 474 Sosiae
1310 417 1389 474 ob
1417 416 1622 474 eadem
1652 416 1935 475 adflictae.
2019 414 2210 474 audita

208 508 351 568 haec
412 528 604 568 raram
647 512 856 570 occulti
916 513 1167 589 pectoris
1216 532 1420 571 vocem
1465 512 1723 584 elicuere,
1772 522 2209 590 correptamque

207 604 438 666 Graeco
477 626 642 667 versu
683 610 986 669 admonuit
1035 629 1156 669 non
1202 611 1335 671 ideo
1376 610 1544 681 laedi,
1582 612 1718 688 quia
1762 631 1883 671 non
1925 621 2208 688 regnaret.

117 718 166 768 ’1
207 703 456 763 Pulchra
503 716 560 764 et
601 706 846 766 Furnius
888 708 1249 768 damnantur.
1333 708 1475 768 Afer
1516 708 1861 786 primoribus
1916 720 2209 769 oratorum

209 803 454 873 additus,
495 803 786 881 divulgato
830 806 1066 883 ingenio
1111 817 1168 865 et
1208 818 1408 867 secuta
1449 807 1879 867 adseveratione
1924 806 2208 878 Caesaris,
2231 830 2260 881 5

118 919 172 965 8
205 918 323 977 qua
383 920 487 960 suo
543 903 662 962 iure
731 904 1006 964 disertum
1072 924 1207 964 eum
1269 905 1594 983 appellavit.
1694 924 1833 966 mox
1896 923 2207 982 capessen-

206 1000 296 1057 dis
342 1002 803 1061 accusationibus
846 1013 943 1062 aut
982 1021 1115 1063 reos
1158 1005 1402 1063 tutando
1443 1004 1801 1081 prosperiore
1846 1004 2207 1080 eloquentiae

203 1114 389 1173 quam
432 1117 661 1159 morum
705 1100 861 1160 fama
908 1102 1029 1174 fuit,
1078 1102 1190 1161 nisi
1232 1101 1392 1178 quod
1447 1111 1605 1162 aetas
1649 1112 1904 1161 extrema
1960 1100 2206 1159 multum

205 1197 385 1255 etiam
424 1197 785 1275 eloquentiae
828 1201 1094 1278 dempsit,
1130 1200 1271 1259 dum
1314 1201 1467 1261 fessa
1509 1210 1704 1260 mente
1748 1201 1955 1260 retinet
1997 1199 2205 1259 silentii

204 1293 624 1371 inpatientiam.
2228 1321 2287 1357 10

288 1399 392 1452 53.
433 1394 516 1454 At
553 1397 878 1475 Agrippina
917 1398 1185 1476 pervicax
1224 1399 1342 1459 irae
1389 1408 1448 1459 et
1488 1399 1698 1459 morbo
1740 1397 1999 1475 corporis
2039 1396 2206 1473 inpli-

203 1499 354 1561 cata,
382 1509 517 1551 cum
558 1495 760 1554 viseret
801 1514 933 1555 eam
975 1496 1205 1568 Caesar,
1234 1497 1483 1574 profusis
1526 1497 1622 1556 diu
1663 1516 1731 1556 ac
1772 1516 1876 1573 per
1919 1496 2205 1556 silentium

201 1589 472 1663 lacrimis,
517 1610 654 1651 mox
697 1594 967 1653 invidiam
1007 1606 1066 1654 et
1105 1614 1307 1672 preces
1348 1596 1594 1661 orditur:
1646 1595 1969 1654 subveniret
2011 1594 2205 1654 solitu-

201 1687 345 1760 dini,
395 1689 556 1749 daret
597 1693 898 1766 maritum3
958 1692 1211 1752 habilem
1261 1693 1452 1752 adhuc
1496 1694 1785 1752 iuventam
1831 1693 1957 1766 sibi,
2013 1710 2204 1768 neque

202 1786 360 1845 aliud
387 1789 582 1865 probis
617 1807 792 1867 quam
831 1810 904 1849 ex
947 1791 1321 1850 matrimonio
1358 1791 1636 1851 solacium
1651 1809 1668 1864 ;
1711 1809 1840 1851 esse
1868 1791 1930 1848 in
1957 1790 2202 1861 civitate,
2225 1813 2281 1864 15

201 1886 397 1961 qui**
419 1886 750 1947 Germanici
795 1890 1106 1967 coniugem
1155 1908 1223 1949 ac
1271 1887 1487 1950 liberos
1530 1892 1652 1949 eius
1696 1890 1948 1968 recipere
1997 1888 2202 1966 digna-:-

133 1998 174 2044 2
201 1995 417 2045 rentur.
501 1986 604 2046 sed
632 1986 847 2047 Caesar
874 2006 996 2047 non
1033 1989 1283 2065 ignarus,
1314 1998 1592 2066 quantum
1627 2008 1701 2049 ex
1741 2007 1803 2047 re
1844 1986 2073 2065 publica
2099 2006 2202 2065 pe-

205 2093 437 2155 teretur,
465 2103 541 2144 ne
568 2094 764 2145 tamen
791 2086 1133 2147 offensionis
1170 2098 1268 2146 aut
1304 2097 1493 2147 metus
1522 2086 1859 2145 manifestus
1886 2087 2048 2171 foret,
2078 2086 2203 2145 sine

136 2200 175 2246 3
202 2200 491 2259 responso
520 2202 874 2262 quamquam
903 2185 1211 2245 instantem
1240 2186 1480 2263 reliquit.
1524 2185 1582 2244 id
1610 2203 1740 2262 eg0,
1770 2204 1807 2244 a
1837 2185 2205 2262 scriptoribus

204 2281 505 2341 annalium
547 2301 668 2341 non
709 2283 995 2354 traditum,
1026 2285 1248 2361 repperi
1273 2285 1335 2343 in
1375 2284 1803 2344 commentariis
1845 2283 2205 2360 Agrippinae
2224 2305 2288 2343 20

202 2380 374 2451 filiae,
425 2397 571 2457 quae
628 2379 878 2440 Neronis
933 2382 1209 2459 principis
1256 2391 1441 2441 mater
1480 2382 1655 2440 vitam
1713 2399 1877 2440 suam
1927 2390 1986 2441 et
2039 2399 2206 2442 casus

204 2495 441 2537 suorum
468 2480 713 2554 posteris
739 2481 1096 2539 memoravit.

289 2581 398 2635 54„
442 2574 713 2635 Ceterum
743 2577 982 2637 Seianus
1011 2588 1368 2638 maerentem
1404 2588 1463 2638 et
1497 2577 1857 2656 inprovidam
1883 2578 2050 2637 altius
2077 2597 2206 2655 per-

203 2674 364 2746 culit,
395 2673 664 2735 immissis
700 2676 797 2753 qui
831 2695 936 2752 per
971 2677 1226 2753 speciem
1270 2677 1557 2736 amicitiae
1594 2686 1900 2736 monerent
1940 2686 2205 2754 paratum

140 2783 177 2829 2
204 2774 262 2832 ei
289 2790 592 2845 venenum,
623 2774 882 2833 vitandas
910 2774 1096 2834 soceri
1136 2774 1354 2851 epulas.
1437 2785 1610 2852 atque
1647 2774 1743 2833 illa
1778 2773 2204 2833 simulationum
2227 2796 2284 2846 25

205 2872 420 2957 nescia,
477 2889 612 2930 cum
664 2881 897 2949 propter
950 2873 1352 2945 discumberet,
1409 2891 1529 2931 non
1584 2871 1741 2930 vultu
1795 2881 1891 2930 aut
1940 2889 2205 2931 sermone

113 2952 120 2963 ⁸
203 2970 379 3041 flecti,
421 2969 610 3029 nullos
667 2971 945 3047 attingere
996 2971 1178 3042 cibos,
1221 2970 1412 3029 donec
1458 2969 1696 3029 advertit
1729 2969 2014 3039 TiberiuS,
2058 2968 2204 3028 forte

206 3088 285 3128 an
339 3069 476 3146 quia
523 3068 844 3142 audiverat;
888 3069 1057 3145 idque
1105 3086 1224 3145 quo
1265 3068 1451 3127 acrius
1492 3068 1851 3144 experiretur,
1902 3085 2095 3144 poma,
2141 3075 2206 3125 ut

144 3174 178 3220 3
206 3177 370 3227 erant
414 3167 695 3242 adposita,
740 3166 982 3225 laudans
1024 3168 1187 3225 nurui
1230 3185 1334 3225 sua
1376 3184 1553 3224 manu
1593 3165 1836 3225 tradidit.
1921 3174 2089 3224 aucta
2129 3168 2203 3223 ex

205 3283 281 3325 eo
329 3264 578 3341 suspicio
622 3264 993 3341 Agrippinae,
1043 3274 1101 3323 et
1138 3265 1353 3323 intacta
1401 3282 1499 3323 ore
1539 3265 1713 3323 servis
1752 3262 2007 3322 tramisit.
2093 3280 2202 3321 nec
2221 3285 2285 3334 30

207 3373 404 3421 tamen
446 3362 666 3421 Tiberii
707 3381 820 3421 vox
863 3381 1059 3422 coram
1104 3372 1315 3434 secuta,
1361 3361 1463 3420 sed
1513 3363 1785 3420 obversus
1828 3360 1904 3420 ad
1959 3369 2202 3419 matrem

206 3480 327 3522 non
369 3461 577 3519 mirum
619 3461 714 3532 ait,
757 3461 807 3518 si
846 3460 987 3537 quid
1043 3460 1288 3519 severius
1345 3460 1407 3517 in
1448 3479 1579 3519 eam
1638 3458 1940 3531 statuisset,
1997 3477 2033 3516 a
2088 3478 2203 3536 qua

145 3566 185 3614 4
206 3559 468 3619 veneficii
522 3559 956 3618 insimularetur.
1038 3558 1174 3617 inde
1228 3577 1424 3617 rumor
1478 3558 1666 3636 parari
1709 3556 1962 3627 exitium,
2013 3576 2202 3636 neque

1159 3673 1196 3715 o
1224 3673 1258 3714 2
