2594 3925
417 274 493 344 84
863 279 1226 330 CORNELII
1266 280 1361 329 TA
1372 279 1535 330 CJTJ
1568 281 1990 331 ANNALIUM
2067 269 2147 352 [A.
2157 291 2213 332 u.
2223 290 2275 332 c.
2310 279 2439 345 768.

422 436 562 497 solvi
601 453 764 495 reum
800 436 1133 496 criminiBus
1168 428 1521 495 maiestatis:
1564 437 1637 496 de
1671 438 1930 514 pecuniis
1972 438 2304 514 repetundis
2351 437 2444 496 ad

420 535 826 610 reciperatores
855 537 998 593 itum
1026 545 1130 595 est.

502 639 596 694 ¹75.
641 632 770 692 Nec
812 643 1039 710 patrum
1088 634 1519 710 cognitionibus
1568 635 1810 694 satiatus
1852 634 2075 694 iudiciis
2122 633 2446 693 adsidebat

422 732 483 790 in
525 750 704 791 cornu
745 733 1058 805 tribunalis,
1102 751 1178 791 ne
1228 741 1558 809 praetorem
1607 733 1787 792 curuli
1837 733 2142 810 depelleret
2156 753 2172 805 ;
2222 733 2443 791 multa-

370 854 396 903 5
421 849 534 906 que
576 849 648 889 eo
687 849 887 915 coram
927 832 1199 890 adversus
1245 833 1527 890 ambitum
1575 842 1633 891 et
1677 832 1998 909 potentium
2039 849 2243 908 preces
2286 849 2442 890 con-

422 929 631 988 stituta.
715 940 802 988 set
846 930 985 987 dum
1023 930 1242 988 veritati
1287 930 1617 1001 consulitur,
1661 931 1889 989 libertas
1936 929 2441 1006 corrumpebatur.
2472 949 2508 993 2

422 1016 567 1085 inter
610 1045 758 1104 quae
801 1027 937 1086 Pius
975 1028 1239 1086 Aurelius
1277 1041 1508 1088 senator
1544 1039 1777 1106 questus
1810 1027 1966 1086 mole
2001 1028 2266 1104 publicae
2301 1029 2440 1086 viae
2469 1045 2505 1090 3

423 1124 713 1202 ductuque
764 1143 1042 1202 aquarum
1089 1125 1403 1186 labefactas
1459 1127 1615 1186 aedis
1671 1145 1819 1197 suaS,
1869 1127 2141 1186 auxilium
2196 1135 2441 1202 patrum

421 1222 743 1282 invocabat.
829 1224 1222 1284 resistentibus
1264 1226 1468 1284 aerarii
1511 1227 1870 1301 praetoribus
1915 1225 2176 1284 subvenit
2211 1224 2440 1284 Caesar
2464 1244 2505 1289 4

348 1346 407 1381 10
425 1322 786 1399 pretiumque
831 1322 1059 1381 aedium
1109 1324 1344 1383 Aurelio
1389 1325 1600 1396 tribuit,
1644 1324 1972 1413 erogandae
2026 1343 2129 1400 per
2177 1323 2438 1382 honesta

422 1420 702 1496 pecuniae
751 1421 1006 1497 cupiens,
1050 1440 1225 1499 quarn
1271 1422 1537 1482 virtutem
1587 1423 1685 1481 diu
1733 1404 1975 1494 retinuit,
2026 1441 2159 1482 cum
2205 1433 2436 1481 ceteras

424 1527 672 1577 exueret.
757 1518 1054 1595 Propertio
1091 1520 1278 1579 Celeri
1311 1522 1615 1597 praetorio,
1646 1522 1873 1601 veniam
1907 1521 2121 1580 ordinis
2143 1522 2241 1599 lob
2286 1538 2434 1597 pau·
2464 1540 2498 1585 5

424 1625 701 1693 pertatem
743 1617 978 1693 petenti,
1021 1618 1259 1677 deciens
1303 1620 1624 1678 sestertium
1673 1619 1908 1694 largitus
1955 1629 2057 1689 est,
2103 1619 2240 1677 satis
2288 1637 2434 1678 con-

425 1725 590 1792 perto
638 1724 908 1791 paternas
954 1717 1007 1774 ei
1052 1718 1345 1793 angustias
1394 1736 1541 1777 esse.
1639 1717 1971 1794 temptantis
2019 1716 2225 1775 eadem
2284 1717 2434 1775 alios
2463 1731 2500 1776 6

351 1836 407 1886 15
429 1814 677 1891 probare
705 1832 909 1873 causas
949 1817 1170 1874 senatui
1206 1816 1381 1887 iussit,
1412 1816 1681 1892 cupidine
1711 1816 2019 1874 severitatis
2058 1816 2118 1873 in
2152 1816 2220 1874 iis
2254 1816 2438 1874 etiam

426 1931 575 1989 quae
610 1912 713 1971 rite
750 1913 960 1973 faceret
996 1915 1254 1975 acerbus.
1340 1915 1496 1974 unde
1540 1915 1711 1975 ceteri
1756 1915 2040 1974 silentium
2082 1923 2140 1975 et
2178 1933 2434 1992 pauper·
2464 1931 2498 1978 ’1

427 2022 604 2071 tatem
647 2012 1000 2072 confessioni
1043 2023 1099 2072 et
1139 2013 1424 2073 beneficio
1466 2033 1868 2091 praeposuere.

508 2116 610 2171 ¹76.
655 2109 884 2170 Eodem
927 2130 1085 2171 anno
1121 2112 1408 2171 continuis
1442 2113 1718 2172 imbribus
1757 2122 1956 2171 auctus
1984 2111 2215 2170 Tiberis
2251 2112 2441 2187 plana

427 2209 583 2267 urbis
614 2219 979 2285 stagnaverat
995 2230 1012 2283 3
1057 2211 1411 2269 relabentem
1452 2221 1647 2270 secuta
1680 2221 1767 2269 est
1802 2210 2189 2269 aedificiorum
2232 2219 2291 2267 et
2326 2209 2440 2268 ho-

350 2331 411 2366 20
428 2308 651 2365 minum
694 2318 930 2384 strageS.
1015 2309 1183 2385 igitur
1214 2308 1435 2366 censuit
1462 2309 1694 2367 Asinius
1731 2308 1933 2368 Gallus
1973 2298 2037 2366 ut
2077 2308 2204 2366 libri
2242 2306 2441 2366 Sibul-
2466 2318 2500 2363 2

427 2407 527 2463 lini
577 2405 878 2465 adirentur.
964 2407 1148 2465 renuit
1197 2405 1483 2477 TiberiuS,
1531 2407 1770 2482 perinde
1822 2406 2014 2465 divina
2061 2405 2440 2492 humanaque
2467 2420 2499 2465 3

430 2505 741 2580 obtegens3
787 2505 890 2563 sed
931 2505 1250 2564 remedium
1299 2506 1607 2564 coercendi
1650 2505 1900 2563 fluminis
1943 2505 2115 2562 Ateio
2159 2503 2441 2580 Capitoni

430 2612 489 2663 et
525 2602 592 2661 L.
622 2603 896 2661 Arruntio
945 2604 1297 2663 mandatum.
1385 2602 1668 2661 Achaiam
1701 2622 1770 2662 ac
1807 2601 2219 2661 Macedoniam
2253 2620 2441 2661 onera
2466 2621 2502 2665 4

431 2702 793 2779 deprecantis
832 2701 1008 2760 levari
1047 2702 1108 2760 in
1145 2720 1419 2780 praesens
1463 2701 1859 2777 proconsulari
1897 2700 2136 2776 imperio
2172 2699 2441 2778 tradique

354 2827 378 2860 2
385 2826 409 2874 5
434 2800 670 2859 Caesari
711 2797 940 2875 placuit.
1025 2800 1264 2859 edendis
1299 2799 1728 2875 gladiatoribus,
1760 2817 1907 2876 quos
1948 2798 2281 2858 Germanici
2319 2798 2439 2857 fra·
2468 2817 2499 2861 5

432 2898 531 2957 tris
577 2916 645 2956 ac
697 2914 804 2954 suo
847 2897 1082 2956 nomine
1126 2898 1427 2968 obtulerat,
1457 2896 1682 2955 Drusus
1728 2896 2033 2973 praesedit,
2079 2914 2440 2972 quamquam

431 2997 525 3055 vili
567 2995 844 3070 sanguine
887 2996 1057 3053 nimis
1102 2996 1398 3072 gaudens3
1444 2996 1602 3072 quod
1649 2996 1709 3053 in
1753 2995 1955 3071 vulgus
1996 2994 2440 3053 formidolosum

432 3104 489 3155 et
528 3103 691 3171 pater
731 3092 983 3170 arguisse
1026 3093 1334 3152 dicebatur.
1419 3112 1521 3151 cur
1554 3093 1886 3152 abstinuerit
1920 3091 2251 3170 spectaculo
2290 3092 2436 3168 ipse,
2466 3108 2502 3153 6

435 3193 587 3252 varie
623 3191 958 3264 trahebant3
1003 3191 1095 3249 alii
1122 3191 1316 3250 taedio
1358 3201 1575 3263 coetus,
1607 3191 1843 3269 quidam
1876 3190 2097 3249 tristitia
2136 3190 2354 3265 ingenii
2380 3202 2441 3247 et

357 3317 419 3365 30
435 3301 592 3350 metu
631 3290 1073 3367 conparationis,
1104 3290 1238 3366 quia
1269 3289 1566 3366 Augustus
1604 3290 1844 3348 comiter
1875 3288 2229 3347 interfuisset.
2313 3305 2440 3345 non
2467 3305 2499 3352 '7

436 3389 775 3449 crediderim
823 3389 898 3448 ad
952 3389 1357 3448 ostentandam
1407 3389 1699 3447 saevitiam
1756 3386 2186 3463 movendasque
2234 3386 2440 3461 populi

438 3489 790 3548 offensiones
830 3506 1166 3547 concessam
1208 3487 1325 3545 filio
1367 3488 1681 3556 materiem,
1711 3502 2064 3561 quamquam
2083 3471 2089 3475 ”
2106 3484 2164 3540 id
2205 3501 2439 3559 quoque

439 3588 654 3645 dietum
690 3595 793 3645 est.
