2594 3925
263 237 413 280 Am.
448 216 553 302 28.]
870 229 1097 279 LIBER
1139 229 1236 280 JV.
1307 230 1460 280 CAR
1509 235 1724 299 ἰο-73.
2176 240 2290 300 205

272 387 588 464 privignos
618 405 752 447 cum
789 405 893 465 per
930 388 1219 448 occultum
1258 387 1640 459 subvertisset,
1670 388 2124 448 misericordiam
2157 406 2295 467 erga

282 484 555 543 adflictos
582 486 778 561 palam
806 488 1148 545 ostentabat.

372 590 410 645 7
417 589 475 641 2.
519 581 751 641 Eodem
807 602 963 642 anno
1018 583 1197 655 Frisii,
1253 585 1704 644 transrhenanus
1761 586 2028 663 populuS,
2086 605 2294 663 pacem

288 698 516 752 exuere,
572 669 770 739 nostra
835 683 1019 759 magis
1089 681 1325 741 avaritia
1382 701 1559 759 quam
1615 684 1879 759 obsequii
1935 685 2293 760 inpatientes.

195 783 258 830 2
290 780 563 846 tributum
604 781 673 838 iis
712 780 936 839 Drusus
985 781 1225 844 iusserat
1267 780 1568 840 modicum
1609 800 1717 857 pro
1765 782 2029 858 angustia
2084 800 2291 855 rerum,
2317 805 2343 855 5

289 886 351 934 ut
382 877 446 935 in
472 895 612 937 usus
639 878 905 936 militares
933 878 1089 936 coria
1115 880 1296 936 boum
1323 880 1656 955 penderent,
1685 896 1809 946 non
1851 869 2071 938 intenta
2105 881 2292 939 cuius-

292 993 469 1052 quam
508 993 646 1035 cura
681 994 828 1052 quae
867 976 1174 1047 firmitud0,
1204 995 1352 1053 quae
1396 994 1682 1048 mensura,
1715 977 1904 1036 donec
1946 976 2227 1037 Olennius
2261 996 2294 1037 e

292 1074 735 1149 primipilaribus
771 1074 1039 1150 regendis
1068 1073 1264 1133 Frisiis
1306 1075 1588 1151 inpositus
1615 1084 1777 1152 terga
1802 1092 2040 1134 urorum
2069 1076 2294 1152 delegit,

226 1185 268 1231 3
291 1188 540 1247 quorum
568 1172 643 1230 ad
669 1171 916 1231 formam
948 1173 1359 1249 acciperentur.
1442 1173 1505 1232 id
1542 1173 1667 1231 aliis
1704 1190 1937 1250 quoque
1967 1173 2293 1233 nationibus

290 1270 537 1328 arduum
563 1270 719 1347 apud
748 1269 1076 1330 Germanos
1106 1270 1388 1329 difficilius
1419 1271 1782 1343 tolerabatur,
1812 1272 1941 1348 quis
1971 1272 2293 1348 ingentium
2318 1295 2376 1331 10

229 1380 269 1426 4
291 1367 592 1426 beluarum
645 1368 862 1442 feraces
918 1368 1109 1441 saltuS,
1165 1368 1401 1427 modica
1456 1368 1618 1428 domi
1674 1378 1933 1428 armenta
1992 1379 2139 1428 sunt.
2224 1388 2293 1429 ac

289 1466 483 1543 primo
523 1466 702 1525 boves
742 1466 918 1543 ipSOS,
951 1485 1091 1526 mox
1132 1484 1319 1543 agrOS,
1351 1475 1648 1543 postremo
1690 1485 1939 1544 corpora
1982 1470 2296 1544 coniugum

229 1580 264 1627 5
291 1572 392 1621 aut
438 1563 747 1622 liberorum
802 1564 1028 1623 servitio
1082 1565 1404 1625 tradebant.
1489 1564 1625 1623 hinc
1680 1565 1762 1623 ira
1816 1576 1874 1624 et
1929 1575 2180 1641 questus,
2239 1574 2297 1624 et

291 1670 607 1738 postquam
647 1680 771 1720 non
812 1663 1260 1733 subveniebatur,
1289 1662 1610 1721 remedium
1652 1680 1725 1721 ex
1765 1663 1933 1723 bello.
2016 1665 2160 1740 rapti
2195 1665 2294 1742 qui

228 1775 266 1821 6
291 1759 506 1817 tributo
548 1760 785 1818 aderant
825 1760 1029 1819 milites
1068 1769 1126 1818 et
1165 1760 1420 1837 patibulo
1462 1760 1672 1819 adfixi:
1718 1759 2000 1820 Olennius
2037 1761 2295 1821 infensos
2318 1784 2374 1835 15

290 1856 433 1933 fuga
458 1858 766 1934 praevenit,
795 1865 1058 1936 receptus
1086 1858 1339 1923 castello,
1370 1858 1463 1917 cui
1490 1876 1707 1917 nomen
1736 1857 2006 1931 Flevum;
2048 1868 2107 1917 et
2139 1859 2296 1919 haud

291 1954 625 2033 spernenda
676 1955 786 2015 illic
843 1956 1053 2016 civium
1108 1974 1515 2034 sociorumque
1581 1975 1792 2016 manus
1855 1956 2021 2017 litora
2075 1956 2297 2018 Oceani

293 2054 675 2132 praesidebat.

376 2158 477 2214 ¹73.
536 2149 714 2223 Quod
781 2152 880 2211 ubi
949 2151 1017 2211 L.
1084 2151 1349 2230 Apronio
1415 2153 1696 2213 inferioris
1765 2152 2113 2213 Germaniae
2187 2173 2298 2232 pro
2387 2205 2399 2218 .

292 2258 557 2326 praetore
607 2249 918 2325 cognitum,
967 2251 1173 2309 vexilla
1227 2252 1523 2328 legionum
1571 2270 1605 2310 e
1655 2233 1952 2329 superiore*
1998 2252 2296 2330 provincia
2316 2277 2377 2312 20

295 2346 670 2425 peditumque
710 2356 767 2405 et
799 2349 1055 2424 equitum
1089 2349 1446 2408 auxiliarium
1483 2349 1733 2409 delectos
1773 2350 1977 2409 accivit
2017 2368 2086 2408 ac
2129 2351 2297 2409 simul

294 2455 600 2522 utrumque
642 2447 952 2504 exercitum
1002 2446 1214 2506 Rheno
1269 2447 1571 2507 devectum
1616 2447 1810 2506 Frisiis
1858 2447 2058 2519 intulit,
2110 2448 2297 2508 soluto

295 2542 414 2601 iam
458 2543 671 2603 castelli
712 2545 936 2603 obsidio
977 2553 1033 2603 et
1087 2544 1161 2603 ad
1217 2563 1323 2603 sua
1364 2546 1605 2604 tutanda
1644 2544 1927 2622 degressis
1973 2545 2295 2604 rebellibus,

234 2656 270 2702 2
296 2642 468 2718 igitur
513 2641 781 2718 proxima
834 2642 1114 2701 aestuaria
1160 2643 1467 2720 aggeribus
1520 2652 1579 2701 et
1623 2643 1899 2720 pontibus
1946 2644 2298 2704 traducendo

297 2739 541 2816 graviori
595 2739 812 2817 agmini
859 2741 1062 2798 firmat.
1146 2751 1320 2817 atque
1374 2742 1601 2800 interim
1656 2741 1891 2817 repertis
1934 2741 2093 2800 vadis
2142 2742 2294 2800 alam
2316 2768 2339 2801 2
2347 2766 2374 2816 5

298 2836 739 2898 Canninefatem
780 2847 837 2896 et
876 2838 1037 2914 quod
1077 2839 1338 2915 peditum
1388 2836 1819 2898 Germanorum
1866 2839 2014 2897 inter
2068 2850 2297 2900 nostros

295 2935 555 2993 merebat
614 2935 992 3012 circumgredi
1056 2944 1216 3013 terga
1284 2936 1538 2996 hostium
1601 2937 1770 3009 iubet,
1827 2937 1926 3014 qui
1991 2937 2109 2995 iam
2176 2939 2297 2998 acie

297 3032 607 3110 compositi
645 3033 864 3110 pellunt
903 3042 1118 3092 turmas
1162 3034 1408 3093 sociales
1450 3035 1784 3111 equitesque
1825 3034 2120 3110 legionum
2163 3037 2295 3093 sub-

236 3145 270 3191 3
297 3132 444 3190 sidio
500 3132 728 3191 missos.
809 3141 933 3190 tum
994 3140 1106 3191 tres
1172 3131 1328 3191 leves
1385 3133 1655 3192 cohortes
1721 3151 1790 3191 ac
1844 3151 2068 3191 rursum
2132 3134 2298 3204 duae,

296 3231 430 3292 dein
472 3240 732 3308 tempore
775 3231 1071 3291 interiecto
1112 3232 1317 3291 alarius
1360 3250 1537 3309 eques
1574 3232 1877 3291 inmissus:
1931 3233 2064 3291 satis
2105 3233 2292 3306 validi,
2315 3257 2377 3305 30

296 3329 346 3388 si
401 3328 570 3389 simul
632 3330 1041 3401 incubuissent,
1097 3348 1199 3407 per
1260 3330 1618 3390 intervallum
1679 3330 2047 3389 adventantes
2110 3349 2296 3408 neque

296 3427 682 3488 constantiam
737 3428 1077 3486 addiderant
1130 3428 1368 3487 turbatis
1424 3437 1481 3486 et
1534 3446 1742 3504 pavore
1799 3428 2137 3504 fugientium
2193 3447 2295 3487 au-

235 3541 274 3588 4
297 3523 638 3585 ferebantur.
722 3523 983 3602 Cethego
1025 3524 1284 3584 Labeoni
1326 3525 1517 3601 legato
1562 3525 1794 3602 quintae
1836 3527 2081 3601 legionis
2136 3528 2294 3604 quod
