2594 3925
301 269 430 309 run.
468 225 572 328 25'.]
889 257 1115 304 HBER
1159 257 1253 304 JV.
1323 255 1475 305 CAP.
1521 261 1736 322 43-47·
2207 266 2311 322 191

298 411 635 475 ‘admissum
665 433 700 473 a
727 413 981 491 quodam
1021 413 1232 488 agresti
1272 411 1521 471 nationis
1557 412 1977 473 Termestinae.
2062 415 2111 473 is
2154 431 2319 490 prae-

307 525 498 574 torem
525 513 854 590 provinciae
890 511 958 570 L.
1001 511 1290 583 Pisonem,
1331 530 1480 587 pace
1518 512 1888 584 incuriosum,
1918 531 1991 571 ex
2030 511 2319 588 inproviso

307 614 370 671 in
407 612 612 672 itinere
652 612 887 672 adortus
920 628 1040 669 uno
1069 609 1303 668 vulnere
1338 610 1399 668 in
1437 618 1685 668 mortem
1722 610 1972 683 adfecit3
2017 628 2084 668 ac
2128 610 2321 686 perni-
2354 652 2358 656 .

308 712 483 770 citate
539 712 673 788 equi
735 710 1032 789 profuguS,
1099 719 1411 786 postquam
1472 707 1758 769 saltuosos
1824 705 1987 768 locos
2045 708 2318 785 attigerat,

309 809 558 869 dimisso
611 827 763 886 equo
813 828 917 887 per
967 808 1206 884 derupta
1250 817 1310 865 et
1357 807 1485 866 avia
1527 808 1819 885 sequentis
1873 807 2168 867 frustratus
2217 815 2319 866 est.
2343 828 2372 878 5

250 918 283 962 2
311 927 500 985 neque
530 908 630 966 diu
658 908 886 967 fefellit:
929 925 1067 965 nam
1095 923 1308 982 prenso
1339 906 1625 982 ductoque
1660 924 1773 985 per⁴
1798 907 2095 983 proximos
2136 924 2319 983 pagos

252 1016 283 1060 3
310 1026 480 1085 equo,
512 1009 674 1090 cuius
701 1007 848 1067 foret
877 1006 1195 1082 cognitum.
1282 1014 1341 1063 et
1369 1014 1625 1081 repertus
1652 1022 1785 1063 cum
1814 1005 2110 1066 tormentis
2148 1004 2319 1063 edere

311 1106 584 1165 conscios
627 1106 966 1182 adigeretur,
1009 1122 1155 1163 voce
1196 1121 1413 1180 magna
1458 1121 1726 1163 sermone
1772 1105 1959 1181 patrio
2001 1103 2207 1163 frustra
2256 1120 2319 1161 se

309 1203 651 1280 interrogari
679 1204 986 1263 clamitavit
1011 1224 1025 1262 ε
1062 1201 1404 1261 adsisterent
1432 1201 1577 1260 socii
1603 1220 1674 1261 ac
1702 1210 2065 1279 spectarent;
2105 1201 2320 1259 nullam

253 1310 287 1354 4
310 1303 425 1358 vim
452 1310 675 1361 tantam
703 1301 916 1361 doloris
943 1301 1080 1373 fore,
1109 1311 1174 1359 ut
1200 1301 1495 1360 veritatem
1533 1300 1777 1361 eliceret.
1860 1300 2132 1376 idemque
2175 1318 2306 1359 cum
2337 1323 2394 1358 10

310 1408 548 1475 postero
602 1399 678 1458 ad
721 1400 1124 1477 quaestionem
1178 1399 1574 1469 retraheretur,
1628 1416 1702 1457 eo
1746 1398 1894 1476 nisu
1930 1399 2209 1475 proripuit
2258 1416 2320 1456 se

312 1495 651 1556 custodibus
700 1516 961 1574 saxoque
1014 1507 1186 1574 caput
1231 1496 1471 1568 adflixit,
1519 1506 1584 1554 ut
1633 1497 1826 1555 statim
1881 1497 2317 1556 exanimaretur.

253 1600 286 1646 5
311 1593 417 1652 sed
446 1594 582 1653 Piso
614 1594 1115 1655 Termestinorum
1142 1594 1278 1653 dolo
1319 1612 1526 1653 caesus
1567 1593 1842 1666 habetur3
1885 1595 2105 1672 quippe
2145 1613 2319 1672 pecu-

310 1691 439 1751 nias
480 1712 514 1750 e
556 1693 792 1769 publico
824 1694 1173 1769 interceptas
1206 1692 1397 1751 acrius
1424 1709 1601 1769 quam
1640 1702 1705 1751 ut
1744 1694 2054 1753 tolerarent
2094 1694 2317 1752 barbari

309 1791 578 1877 cogebat.
2344 1814 2396 1863 15

390 1892 496 1945 46.
559 1887 809 1948 Lentulo
877 1888 1182 1948 Gaetulico
1241 1888 1314 1948 C.
1368 1886 1617 1948 Calvisio
1686 1889 2021 1951 consulibus
2086 1890 2317 1949 decreta

309 1985 583 2063 triumphi
621 1987 869 2062 insignia
903 1988 1183 2065 Poppaeo
1227 1987 1446 2046 Sabino
1474 1989 1733 2048 contusis
1761 1988 2091 2048 Thraecum
2133 1989 2318 2065 genti-

312 2085 439 2153 buS,
458 2084 558 2160 qui
584 2086 872 2143 montium
900 2086 1069 2146 editis
1098 2086 1223 2144 sine
1252 2085 1408 2144 cultu
1436 2095 1606 2162 atque
1636 2105 1709 2145 eo
1732 2087 1979 2146 ferocius
2008 2087 2318 2163 agitabant.

250 2195 284 2239 2
313 2199 490 2240 causa
517 2192 708 2242 motus
737 2201 910 2260 super
948 2183 1251 2243 hominum
1293 2185 1609 2261 ingenium,
1638 2186 1797 2262 quod
1838 2186 1958 2261 pati
1987 2185 2228 2244 dilectus
2262 2195 2320 2243 et

311 2279 728 2339 validissimum
769 2300 1057 2358 quemque
1102 2282 1338 2341 militiae
1386 2292 1622 2343 nostrae
1663 2283 1799 2342 dare
1845 2285 2317 2360 aspernabantur,
2340 2307 2403 2343 20

310 2395 390 2435 ne
444 2379 675 2454 regibus
728 2379 964 2455 quidem
1018 2398 1218 2456 parere
1275 2381 1387 2440 nisi
1442 2400 1515 2440 ex
1572 2381 1807 2440 libidine
1876 2383 2045 2454 soliti,
2104 2387 2210 2441 aut'
2269 2382 2319 2442 si

311 2475 600 2533 mitterent
638 2477 862 2549 auxilia,
894 2495 1031 2536 suos
1060 2479 1329 2538 ductores
1366 2481 1676 2555 praeficere
1717 2499 1827 2538 nec
1872 2481 1982 2540 nisi
2015 2481 2318 2540 adversum

246 2586 281 2629 3
311 2573 543 2631 accolas
571 2573 916 2651 belligerare.
998 2593 1067 2634 ac
1105 2586 1228 2634 tum
1255 2596 1451 2636 rumor
1478 2579 1791 2637 incesserat
1832 2578 1952 2638 fore
1993 2589 2056 2637 ut
2099 2579 2318 2639 disiecti

310 2670 552 2747 aliisque
606 2672 938 2731 nationibus
982 2674 1249 2749 permixti
1309 2675 1560 2735 diversas
1611 2677 1673 2733 in
1721 2684 1900 2735 terras
1948 2677 2315 2735 traherentur.

243 2782 283 2826 4
309 2768 417 2828 sed
444 2787 450 2794 ·
474 2779 784 2845 antequam
839 2788 1001 2829 arma
1055 2772 1391 2848 inciperent,
1448 2774 1653 2834 misere
1715 2772 1939 2850 legatos
2005 2774 2318 2834 amicitiam
2339 2798 2395 2847 25

308 2867 770 2944 obsequiumque
810 2879 1243 2942 memoraturos,
1274 2880 1333 2928 et
1372 2888 1643 2930 mansura
1678 2871 1839 2943 haec,
1870 2873 1919 2930 si
1960 2872 2119 2931 nullo
2160 2891 2315 2932 novo

306 2984 485 3026 onere
525 2975 975 3043 temptarentur:
1026 2964 1119 3027 sin
1156 2978 1220 3027 ut
1254 2969 1417 3040 victis
1459 2969 1748 3028 servitium
1789 2970 2144 3041 indiceretur,
2189 2990 2314 3030 esse

308 3065 418 3122 sibi
448 3063 655 3122 sermm
685 3074 741 3122 et
768 3065 1120 3123 iuventutem
1151 3075 1206 3124 et
1233 3076 1566 3143 promptum
1588 3067 1831 3127 libertati
1854 3077 1952 3126 aut
1974 3068 2048 3126 ad
2068 3078 2315 3128 mortem

245 3177 280 3223 5
310 3162 589 3220 animum.
676 3162 845 3220 simul
888 3163 1121 3221 castella
1163 3164 1403 3238 rupibus
1431 3164 1614 3223 indita
1642 3166 2020 3242 conlatosque
2050 3166 2180 3225 illuc
2210 3186 2313 3242 pa·
2385 3190 2394 3199 ¹

262 3338 265 3339 ⁷
310 3269 505 3318 rentes
535 3269 593 3317 et
622 3260 902 3337 coniuges
931 3262 1300 3320 ostentabant
1329 3263 1655 3340 bellumque
1698 3263 2036 3340 impeditum
2065 3264 2309 3323 arduum
2327 3289 2391 3336 30

311 3367 617 3417 cruentum
643 3358 1066 3418 minitabantur.

390 3461 495 3519 4¹7.
540 3456 619 3513 At
677 3454 940 3530 Sabinus,
1000 3458 1188 3517 donec
1247 3459 1531 3518 exercitus
1587 3462 1645 3518 in
1703 3479 1885 3518 unum
1943 3462 2309 3535 conduceret,

309 3553 457 3614 datis
478 3553 714 3612 mitibus
732 3556 1047 3630 responsiS,
1068 3567 1378 3634 postquam
1407 3558 1768 3634 Pomponius
1789 3558 1992 3617 Labeo
2020 3578 2054 3617 e
2082 3559 2311 3620 Moesia
