2594 3925
216 92 245 113 S

132 242 422 327 .A.1>.20.]
767 254 1002 306 LIBER
1043 254 1157 307 [π.
1224 254 1377 306 cAP.
1424 249 1599 307 8-12.
2060 266 2172 322 133

106 427 137 472 5
162 411 443 470 invidiam
472 411 626 488 apud
664 412 874 471 multos
912 411 1115 470 valere.
1200 410 1357 470 haud
1390 410 1620 470 fallebat
1648 410 1947 470 Tiberium
1988 413 2173 471 moles

104 526 137 570 6
163 510 519 585 cognitionis
575 528 803 587 quaque
852 511 975 586 ipse
1032 509 1187 569 fama
1244 509 1669 569 distraheretur.
1755 511 1924 586 igitur
1977 512 2177 587 paucis

163 607 530 665 familiarium
558 607 818 666 adhibitis
856 608 1045 666 minas
1088 608 1486 666 accusantium
1526 617 1583 666 et
1623 606 1757 671 hinc
1786 627 1990 684 preces
2019 610 2175 668 audit

165 708 569 783 integramque
598 724 835 764 causam
862 705 938 764 ad
967 715 1232 764 senatum
1259 706 1510 764 remittit.

248 809 337 863 11.
389 804 584 879 Atque
644 805 874 862 interim
935 803 1162 863 Drusus
1222 803 1453 862 rediens
1514 803 1764 879 Illyrico,
1823 823 2179 881 quamquam
2204 828 2230 876 5

168 911 366 978 patres
408 902 772 960 censuissent
813 902 894 959 ob
934 911 1234 978 receptum
1282 901 1714 960 Maroboduum
1760 912 1816 959 et
1859 920 1947 960 res
1989 904 2180 979 priore

169 1009 392 1059 aestate
428 1010 622 1076 gestas
651 1009 715 1058 ut
743 1018 924 1058 ovans
962 1000 1148 1073 iniret,
1176 1000 1404 1076 prolato
1443 1000 1667 1058 honore
1699 1002 1905 1058 urbem
1939 1000 2179 1058 intravit.

110 1112 143 1156 2
171 1109 306 1175 post
347 1118 499 1177 quae
537 1116 636 1158 reo
680 1097 748 1157 L.
783 1098 1138 1170 Arruntium,
1179 1097 1244 1158 P.
1275 1098 1589 1172 Vinicium,
1626 1099 1893 1156 Asinium
1931 1097 2181 1169 Gallum,

172 1198 564 1256 Aeserninum
599 1195 960 1268 Marcellum,
994 1195 1124 1255 Sex.
1157 1196 1504 1273 Pompeium
1532 1207 1811 1274 patronos
1839 1197 2058 1273 petenti
2087 1197 2183 1254 iis-

172 1314 287 1372 que
317 1295 546 1354 diversa
574 1295 982 1354 excusantibus
1020 1283 1132 1353 Μ’.
1161 1294 1420 1370 Lepidus
1449 1306 1508 1354 et
1540 1294 1607 1353 L.
1637 1295 1774 1354 Piso
1804 1305 1861 1353 et
1893 1293 2183 1353 Livineius
2208 1319 2265 1354 10

174 1394 440 1471 Regulus
481 1393 733 1463 adfuere,
774 1393 1008 1451 adrecta
1051 1393 1214 1451 omni
1257 1393 1498 1465 civitate,
1539 1404 1754 1471 quanta
1793 1393 1939 1451 fides
1981 1394 2185 1451 amicis

175 1491 533 1562 Germanici,
583 1509 734 1568 quae
784 1490 994 1550 fiducia
1042 1508 1181 1563 reo;
1240 1492 1393 1549 satin
1442 1491 1737 1551 cohiberet
1786 1510 1855 1550 ac
1904 1502 2188 1567 premeret

116 1604 148 1649 3
177 1609 386 1649 sensus
445 1607 582 1649 suos
639 1589 925 1648 Tiberius,
1017 1588 1172 1647 haud
1229 1589 1370 1647 alias
1425 1589 1695 1648 intentior
1749 1590 2001 1665 populus
2055 1590 2185 1667 plus

176 1689 284 1747 sibi
326 1689 390 1745 in
433 1687 758 1764 principem
799 1686 1062 1746 occultae
1103 1686 1264 1745 vocis
1308 1695 1406 1745 aut
1448 1688 1761 1764 suspicacis
1805 1688 2011 1746 silentii
2058 1707 2187 1765 per·

174 1786 347 1846 misit.
2211 1808 2265 1859 15

256 1890 353 1944 12.
397 1884 511 1943 Die
556 1893 788 1942 senatus
832 1882 1048 1943 Caesar
1095 1886 1425 1943 orationem
1475 1883 1675 1942 habuit
1716 1884 1996 1942 meditato
2039 1895 2185 1943 tem-

119 2004 152 2049 2
175 1993 542 2060 peramentO.
611 1983 787 2057 patris
816 1983 903 2041 sui
933 1982 1188 2059 legatum
1219 1994 1393 2060 atque
1422 1984 1679 2041 amicum
1708 1983 1982 2041 Pisonem
2012 1983 2188 2044 fuisse

178 2081 631 2158 adiutoremque
673 2080 1028 2140 Germanico
1072 2081 1271 2140 datum
1315 2101 1350 2140 a
1393 2100 1455 2140 se
1498 2091 1733 2140 auctore
1775 2092 1979 2141 senatu
2019 2085 2190 2154 rebus

119 2201 151 2244 3
178 2181 339 2257 apud
366 2182 649 2240 orientem
678 2179 1160 2239 administrandis.
1238 2180 1353 2238 illic
1384 2181 1751 2239 contumacia
1780 2189 1838 2237 et
1866 2182 2191 2239 certamini·

178 2282 293 2338 bus
329 2287 654 2356 asperasset
695 2279 963 2336 iuvenem
997 2278 1267 2355 exituque
1307 2280 1430 2337 eius
1472 2279 1711 2337 laetatus
1754 2288 1921 2349 esset,
1952 2297 2029 2336 an
2067 2299 2192 2339 sce·
2213 2305 2274 2338 20

118 2396 156 2440 4
179 2380 299 2436 lere
331 2377 685 2446 extinxisset‚
712 2377 947 2453 integris
977 2377 1185 2434 animis
1221 2376 1671 2435 diiudicandum.
1758 2383 1928 2435 ‘nam
1958 2378 2005 2435 si
2038 2377 2193 2454 lega·

181 2492 275 2536 tus
307 2476 482 2535 officii
521 2476 818 2547 terminOS,
849 2476 1197 2551 obsequium
1236 2495 1376 2553 erga
1410 2477 1819 2552 imperatorem
1854 2476 2012 2534 exuit
2045 2477 2196 2536 eius-

184 2577 441 2652 demque
482 2584 667 2632 morte
706 2584 762 2632 et
804 2575 962 2631 luctu
1001 2592 1136 2633 meo
1175 2575 1419 2633 laetatus
1449 2584 1553 2645 est,
1584 2575 1765 2633 odero
1796 2593 2196 2653 seponamque

185 2694 220 2733 a
251 2675 437 2733 domo
467 2691 598 2730 mea
631 2682 688 2730 et
724 2672 970 2748 privatas
1010 2673 1337 2731 inimicitias
1375 2691 1499 2731 non
1527 2673 1581 2729 vi
1616 2673 1890 2749 principis
1918 2674 2193 2734 ulciscar:

125 2791 157 2837 5
186 2775 278 2833 sin
309 2772 536 2831 facinus
573 2771 634 2828 in
663 2771 1077 2848 cuiuscumque
1112 2772 1441 2830 mortalium
1475 2789 1620 2830 nece
1647 2770 2057 2830 vindicandum
2095 2773 2194 2832 de·
2218 2796 2274 2845 25

186 2872 414 2947 tegitur,
444 2888 550 2929 vos
578 2888 714 2928 vero
754 2879 812 2927 et
851 2869 1067 2928 liberos
1104 2869 1440 2928 Germanici
1477 2878 1536 2927 et
1572 2888 1682 2928 nos
1725 2879 1993 2946 parentes
2035 2871 2197 2930 iustis

126 2987 162 3033 6
188 2970 420 3028 solaciis
450 2968 695 3028 adficite.
781 2968 1065 3044 simulque
1101 2969 1238 3026 illud
1272 2978 1549 3044 reputate,
1579 2969 1801 3027 turbide
1831 2977 1888 3026 et
1927 2968 2197 3028 seditiose

186 3067 516 3129 tractaverit
543 3052 824 3125 exercitus
853 3066 1005 3139 Piso,
1035 3069 1294 3143 quaesita
1324 3068 1437 3126 sint
1467 3086 1571 3142 per
1600 3068 1978 3125 ambitionem
2008 3068 2195 3125 studia

132 3220 163 3227 x
190 3167 453 3238 militurn,
482 3166 654 3224 armis
690 3167 929 3241 repetita
963 3167 1276 3241 provincia,
1309 3185 1385 3225 an
1416 3166 1558 3224 falsa
1594 3164 1740 3224 haec
1771 3166 1831 3222 in
1860 3165 2047 3223 maius
2075 3166 2197 3222 vul-

99 3272 103 3275 '
192 3266 451 3341 gaverint
485 3273 868 3334 accusatores,
899 3282 1146 3340 quorum
1174 3281 1287 3340 ego
1330 3264 1523 3322 nimiis
1563 3263 1762 3323 studiis
1802 3263 1922 3321 iure
1962 3281 2197 3322 suscen-
2219 3289 2280 3336 30

135 3385 167 3433 ‘1
194 3383 314 3424 se0.
399 3382 537 3421 narn
582 3380 701 3439 quo
757 3364 1030 3437 pertinuit
1087 3363 1307 3421 nudare
1356 3381 1568 3438 corpus
1618 3373 1675 3419 et
1724 3361 2197 3421 contrectandum

194 3463 348 3537 vulgi
370 3461 554 3520 oculis
576 3462 902 3537 permittere
933 3460 1259 3536 differrique
1283 3462 1454 3520 etiarn
1485 3479 1588 3537 per
1610 3469 1879 3518 externos
1901 3469 2197 3536 tamquam

196 3580 423 3621 veneno
467 3561 816 3636 interceptus
860 3570 1027 3633 esset,
1065 3560 1113 3619 si
1154 3562 1372 3618 incerta
1414 3558 1600 3617 adhuc
1645 3559 1754 3616 ista
1794 3568 1850 3616 et
1894 3560 2200 3618 scrutanda
