2594 3925
226 270 343 308 Aa).
377 261 449 320 18,
479 245 581 328 19.]
833 255 1063 304 LIBER
1103 256 1182 306 II.
1253 255 1404 306 CAP.
1451 263 1667 323 55-59.
2123 261 2234 317 115

162 430 200 474 4
223 419 393 476 variis
435 416 626 475 modis
668 416 972 475 criminari.
1059 426 1354 491 postremo
1396 416 1598 491 paucis
1651 415 2015 473 familiarium
2075 412 2235 470 adhi-

221 516 356 574 bitis
408 533 601 574 sermo
650 526 889 590 coeptus
935 534 971 573 a
1012 513 1277 585 Caesare,
1329 514 1560 590 qualem
1615 514 1698 571 ira
1753 524 1810 571 et
1857 510 2234 572 dissimulatio

222 614 426 689 gignit,
470 631 815 689 responsum
857 632 893 671 a
934 611 1147 672 Pisone
1189 613 1458 689 precibus
1500 612 1977 681 contumacibus;
2023 610 2238 667 disces-

224 723 539 788 seruntque
570 712 779 788 apertis
811 712 975 770 odiis,
1058 720 1193 786 post
1223 729 1373 786 quae
1402 729 1563 769 rarus
1592 710 1653 767 in
1681 709 1947 767 tribunali
1973 706 2237 767 Caesan's

203 810 382 888 Piso,
425 820 484 868 et
528 810 577 866 si
618 808 855 884 quando
891 807 1194 879 adsideret,
1223 819 1386 868 atrox
1429 826 1499 866 ac
1544 807 1842 866 dissentire
1887 804 2237 864 manifestus,
2263 827 2289 874 5

165 920 198 965 5
224 926 337 966 vox
386 924 618 983 quoque
667 907 789 964 eius
838 906 1032 965 audita
1080 915 1167 964 est
1208 908 1268 964 in
1313 907 1592 979 convivio,
1638 923 1772 965 cum
1830 904 1984 980 apud
2043 921 2240 978 regem

225 1005 661 1064 Nabataeorum
717 1022 970 1063 coronae
1032 1023 1236 1063 aureae
1293 1023 1512 1081 magno
1569 1004 1826 1082 pondere
1889 1002 2121 1061 Caesari
2180 1009 2239 1057 et

224 1103 605 1179 Agrippinae,
661 1102 814 1160 leves
870 1102 1070 1161 Pisoni
1139 1112 1195 1161 et
1266 1104 1471 1161 ceteris
1542 1103 1901 1172 offerrentur,
1960 1098 2236 1176 principis

227 1201 501 1271 Romani,
547 1218 668 1258 non
717 1199 911 1258 Parthi
954 1201 1107 1275 regis
1149 1200 1268 1258 filio
1311 1220 1410 1259 eas
1451 1200 1648 1277 epulas
1692 1200 1852 1272 dari3
1910 1197 2233 1271 abiecitque

227 1298 394 1355 simul
437 1315 717 1355 coronam
758 1305 816 1354 et
857 1298 1035 1355 multa
1075 1299 1137 1355 in
1178 1299 1379 1356 luxum
1420 1298 1655 1368 addidit,
1696 1316 1844 1374 quae
1882 1294 2235 1355 Germanico
2260 1316 2316 1349 10

226 1413 583 1472 quamquam
612 1397 823 1468 acerba,
849 1395 1236 1453 tolerabantur
1265 1407 1477 1455 tamen.

308 1499 416 1553 58.
464 1494 620 1552 Inter
647 1511 795 1568 quae
824 1494 898 1551 ab
927 1512 1067 1571 rege
1097 1494 1442 1553 Parthorum
1469 1496 1769 1553 Artabano
1809 1493 1981 1571 legati
2011 1509 2235 1551 venere.

227 1593 459 1649 miserat
489 1590 799 1648 amicitiam
827 1609 895 1648 ac
925 1590 1129 1650 foedus
1164 1602 1605 1663 memoraturOS,
1637 1603 1694 1650 et
1732 1610 1940 1668 cupere
1975 1589 2235 1649 renovari

227 1689 477 1756 dextraS‚
522 1687 899 1763 daturumque
949 1689 1158 1747 honori
1202 1688 1535 1748 Germanici
1578 1701 1640 1748 ut
1680 1691 1868 1766 ripam
1925 1688 2234 1765 Euphratis

227 1786 568 1844 accederet:
608 1796 799 1860 petere
828 1787 1057 1844 interim
1085 1804 1160 1844 ne
1189 1786 1475 1846 Vonones
1503 1788 1564 1845 in
1596 1789 1761 1846 Suria
1788 1787 2092 1846 haberetur
2119 1804 2234 1842 neu
2255 1811 2311 1858 15

227 1900 500 1957 proceres
549 1883 809 1958 gentium
849 1884 1190 1959 propinquis
1233 1886 1448 1944 nuntiis
1493 1886 1567 1945 ad
1610 1885 1929 1945 discordias
1972 1885 2232 1945 traheret.
2333 1935 2344 1948 ,

170 1993 201 2036 2
226 1982 300 2039 ad
348 2000 419 2039 ea
468 1979 845 2039 Germanicus
887 1981 959 2039 de
1010 1983 1286 2041 societate
1331 1983 1736 2044 Romanorum
1779 1983 2231 2060 Parthorumque

227 2079 556 2154 magnifice,
602 2078 674 2138 de
736 2079 984 2137 adventu
1038 2081 1188 2156 regis
1245 2092 1303 2139 et
1359 2083 1515 2140 cultu
1562 2083 1650 2141 sui
1705 2100 1837 2140 cum
1899 2082 2105 2142 decore
2162 2103 2230 2142 ac

171 2190 202 2234 3
227 2176 516 2234 modestia
549 2176 859 2252 respondit.
926 2176 1209 2236 Vonones
1239 2178 1721 2256 Pompeiopolim,
1752 2178 1989 2238 Ciliciae
2017 2181 2230 2239 mariti-

227 2292 389 2332 mam
444 2276 666 2345 urbem,
714 2287 944 2332 amotus
989 2286 1093 2333 est.
1180 2277 1378 2334 datum
1433 2278 1493 2335 id
1548 2296 1670 2337 non
1727 2278 1907 2337 modo
1963 2279 2230 2353 precibus
2252 2304 2312 2337 20

226 2372 509 2430 Artabani
558 2371 660 2429 sed
708 2371 1089 2431 contumeliae
1134 2373 1379 2445 PisoniS,
1426 2376 1520 2434 cui
1564 2375 1921 2451 gratissimus
1976 2385 2095 2434 erat
2151 2378 2227 2435 ob

227 2470 477 2548 plurima
506 2470 695 2530 officia
722 2480 780 2528 et
807 2470 979 2542 dona,
1011 2472 1219 2548 quibus
1248 2471 1590 2532 Plancinam
1618 2473 1961 2532 devinxerat.

308 2576 420 2628 59.
467 2566 552 2626 M.
591 2568 791 2627 Silano
826 2568 892 2626 L.
925 2568 1207 2628 Norbano
1248 2571 1585 2630 consulibus
1624 2569 2007 2630 Germanicus
2039 2572 2230 2649 Aegy-

169 2685 200 2728 2
229 2676 389 2743 ptum
428 2664 803 2741 proficiscit'ur
836 2669 1285 2743 cognoscendae
1332 2669 1697 2745 antiquitatis,
1781 2669 1884 2728 sed
1921 2688 2057 2729 cura
2098 2688 2231 2746 pro-

228 2765 448 2824 vinciae
470 2765 958 2840 praetendebatur,
981 2765 1299 2842 levavitque
1323 2768 1533 2843 apertis
1555 2768 1775 2826 horreis
1795 2768 1975 2844 pretia
2001 2766 2228 2844 frugum
2250 2790 2309 2839 25

226 2864 519 2938 multaque
575 2863 636 2920 in
689 2862 891 2939 vulgus
947 2874 1110 2940 grata
1149 2865 1477 2940 usurpavit:
1551 2866 1673 2925 sine
1723 2866 1899 2924 milite
1945 2864 2229 2935 incedere,

227 2963 468 3038 pedibus
514 2962 738 3019 intectis
781 2972 837 3020 et
892 2963 1015 3037 pari
1072 2981 1207 3022 cum
1257 2962 1496 3022 Graecis
1544 2964 1775 3034 amictu,
1820 2963 1885 3021 P.
1940 2962 2229 3039 Scipionis

230 3060 628 3130 aemulatione,
659 3077 832 3134 quem
862 3060 1069 3117 eadem
1096 3060 1442 3120 factitavisse
1475 3061 1630 3137 apud
1671 3060 1938 3131 Siciliam,
1971 3061 2232 3136 quamvis

172 3170 203 3214 3
229 3158 504 3234 flagrante
544 3156 731 3215 adhuc
770 3156 1100 3215 Poenorum
1137 3158 1308 3230 bello,
1342 3160 1688 3234 accepimus·
1773 3158 2039 3217 Tiberius
2074 3158 2230 3216 cultu

229 3255 537 3332 habituque
587 3255 709 3312 eius
756 3255 981 3314 lenibus
1026 3256 1214 3313 verbis
1258 3257 1578 3332 perstrict0,
1625 3256 1900 3314 acerrime
1951 3255 2233 3332 increpuit
2251 3278 2312 3326 30

228 3354 384 3429 quod
441 3361 643 3410 contra
699 3351 953 3410 instituta
995 3352 1241 3429 Augusti
1297 3372 1418 3413 non
1476 3362 1683 3429 sponte
1728 3352 2007 3428 principis
2054 3351 2231 3411 Alex-

171 3462 206 3506 4
230 3451 488 3509 andriam
543 3449 843 3508 introisset.
927 3468 1066 3508 nam
1120 3452 1416 3527 Augustus
1473 3452 1619 3508 inter
1659 3449 1769 3506 alia
1821 3449 2231 3508 dominationis

229 3567 453 3618 arcana,
482 3547 667 3605 vetitis
694 3547 802 3604 nisi
829 3549 1113 3623 permissu
1151 3548 1374 3623 ingredi
1413 3546 1766 3605 senatoribus
1804 3555 1900 3603 aut
1939 3546 2225 3622 equitibus

1178 3672 1202 3714 1
1247 3672 1277 3712 a
