2594 3925
251 211 513 298 ⁴4.12.14.]
910 222 1142 310 {JBER
1172 223 1220 273 J.
1283 223 1437 274 CAP.
1484 231 1615 288 2-5.
2184 232 2261 292 45

188 393 227 438 6
252 384 407 443 filius
438 382 674 452 iuveniS‚
699 381 804 440 sed
832 398 951 457 quo
979 380 1237 458 pluribus
1265 381 1641 440 munimentis
1670 381 1973 442 insisteret.
2048 382 2262 441 bellum

253 501 325 542 ea
352 489 699 557 tempestate
737 479 960 538 nullum
998 481 1106 538 nisi
1145 480 1418 539 adversus
1446 479 1775 539 Germanos
1813 489 2121 557 supererat,
2160 481 2263 537 ab·

253 579 508 639 olendae
563 579 750 656 magis
794 578 1062 637 infamiae
1107 580 1196 656 ‘ob
1254 579 1532 638 amissum
1587 598 1722 638 cum
1777 577 2057 650 Quintilio
2105 577 2264 636 Varo

255 679 578 738 exercitum
618 696 797 756 quam
839 679 1108 755 cupidine
1141 678 1472 755 proferendi
1508 679 1734 755 imperii
1775 688 1874 736 aut
1909 678 2153 754 dignum
2187 678 2265 737 ob

188 791 225 840 '7
254 778 597 854 praemium.
682 778 843 836 domi
887 797 980 837 res
1030 778 1388 855 tranquillae,
1427 778 1635 836 eadem
1682 778 2120 854 magistratuum
2160 794 2262 835 vo·
2288 799 2315 848 5

254 876 500 949 cabula;
570 877 825 936 iuniores
893 887 1028 954 post
1096 877 1397 937 Actiacam
1463 876 1784 948 xietoriam,
1847 876 2024 943 etiam
2096 894 2264 935 senes

255 974 517 1052 plerique
550 977 699 1036 inter
736 976 886 1047 bella
913 977 1124 1034 civium
1157 977 1278 1036 nati
1304 994 1318 1035 τ
1362 985 1575 1053 quotus
1602 974 1849 1053 quisque
1886 974 2139 1052 reliquus
2165 974 2265 1051 qui

256 1092 384 1153 rem
412 1075 704 1150 publicam
731 1074 1006 1134 vidisset?
1779 1074 1785 1079 ”

342 1179 405 1231 4.
450 1172 632 1250 Igitur
658 1191 826 1231 verso
855 1173 1090 1232 civitatis
1129 1183 1280 1233 statu
1317 1173 1458 1232 nihil
1485 1190 1734 1250 usquam
1761 1173 1934 1250 prisci
1968 1183 2027 1234 et
2064 1173 2269 1250 integri

257 1272 441 1330 moris
463 1291 490 1331 t·
534 1290 742 1331 omnes
797 1282 970 1332 exuta
1024 1274 1370 1350 aequalitate
1419 1274 1573 1332 iussa
1625 1273 1901 1350 principis
1956 1282 2267 1350 aspectare,
2291 1296 2349 1331 10

259 1370 420 1428 nulla
448 1371 510 1428 in
543 1389 816 1448 praesens
856 1370 1178 1443 formidine,
1209 1372 1351 1431 dum
1377 1371 1678 1448 Augustus
1712 1381 1898 1447 aetate
1926 1371 2146 1431 validus
2177 1389 2269 1431 se·

195 1487 235 1534 2
261 1487 379 1555 Qe
400 1478 467 1553 et
494 1469 739 1528 domum
765 1479 822 1528 et
850 1488 1057 1547 pacem
1085 1470 1438 1529 sustentavit.
1517 1480 1829 1546 postquam
1857 1479 2127 1546 provecta
2153 1471 2271 1529 iam

262 1577 532 1627 senectus
560 1585 736 1643 aegro
763 1578 826 1645 gt
868 1586 1114 1645 corpore
1148 1568 1491 1644 fatigabatur
1528 1567 1840 1645 aderatque
1867 1569 2001 1628 finis
2039 1579 2098 1628 et
2135 1586 2270 1647 spes

261 1685 473 1739 novae,
516 1667 686 1743 pauci
717 1667 877 1725 bona
918 1667 1194 1727 libertatis
1232 1667 1294 1724 in
1338 1685 1567 1725 cassum
1601 1666 1896 1740 disserere,
1922 1667 2114 1745 plures
2148 1669 2269 1728 bel·-

195 1778 235 1824 3
261 1762 386 1822 lum
420 1784 748 1841 pavescere,
791 1766 883 1826 alii
925 1754 1154 1842 cupere.
1238 1750 1386 1842 pars*
1416 1760 1599 1824 multo
1639 1766 1896 1825 maxima
1938 1767 2271 1827 inminentis
2294 1790 2349 1840 15

263 1863 542 1922 dominos
583 1864 1125 1946 variisffirumoribus
1167 1863 1543 1922 differebant:
1586 1875 1807 1923 trucem
1848 1865 2174 1942 Agrippam
2214 1876 2273 1926 et

261 1961 586 2045 ignominia
641 1982 955 2023 accensum
1010 1982 1134 2023 non
1187 1972 1376 2023 aetate
1431 1982 1622 2040 neque
1676 1982 1868 2022 rerum
1923 1965 2273 2042 experientia

261 2073 467 2134 tantae,
490 2065 631 2123 moli
667 2083 883 2141 parem,
905 2065 1208 2125 Tiberium
1236 2064 1542 2123 Neronem
1574 2074 1864 2123 maturum
1892 2064 2075 2136 anniS,
2106 2083 2270 2141 spec-

263 2171 449 2221 tatum
477 2162 650 2234 bello,
679 2173 765 2221 set
792 2173 978 2222 vetere
1006 2172 1179 2240 atque
1208 2163 1378 2222 insita
1407 2162 1685 2222 Claudiae
1711 2163 1960 2222 familiae
1989 2147 2271 2240 superbia,

263 2262 561 2339 multaque
600 2262 810 2321 indicia
848 2262 1133 2333 saevitiae,
1173 2280 1531 2338 quamquam
1569 2271 1917 2338 premantur,
1949 2280 2268 2340 erumpere.
2292 2285 2352 2321 20

198 2370 240 2416 4
265 2360 423 2419 hunc
456 2370 516 2420 et
541 2361 728 2437 prima
755 2362 830 2419 ab
859 2361 1098 2420 infantia
1125 2361 1402 2421 eductum
1428 2361 1491 2419 in
1521 2361 1699 2421 domo
1728 2362 2086 2437 regnatrice;
2130 2380 2271 2420 con-

264 2467 464 2534 gestos
513 2459 704 2519 iuveni
753 2460 1102 2532 consulatuS,
1154 2460 1516 2537 triumphos3
1566 2479 1642 2519 ne
1690 2460 1758 2519 iis
1807 2459 2041 2536 quidem
2089 2461 2273 2532 anniS,

266 2557 477 2632 quibus
521 2556 715 2617 Rhodi
758 2558 949 2635 specie
993 2575 1257 2618 secessus
1304 2558 1437 2616 exul
1478 2558 1674 2634 egerit,
1717 2558 1872 2616 aliud
1912 2575 2087 2634 quam
2129 2558 2275 2617 iram

204 2669 240 2716 5
268 2665 327 2711 et
372 2654 800 2713 simulationem
841 2666 898 2715 et
940 2665 1189 2715 secretas
1231 2656 1516 2714 lubidines
1559 2655 1914 2714 meditatum.
1999 2658 2275 2717 accedere

266 2762 515 2810 matrem
543 2753 804 2811 muliebri
832 2754 1188 2831 inpotentia:
1235 2753 1603 2813 serviendum
1639 2755 1890 2813 feminae
1929 2755 2272 2831 duobusque
2294 2780 2351 2828 25

266 2849 505 2926 insuper
545 2851 1027 2924 adulescentibus,
1069 2853 1169 2929 qui
1213 2871 1339 2911 rem
1382 2852 1674 2930 publicam
1717 2853 1944 2912 interim
1989 2863 2273 2930 premant,

271 2948 625 3025 quandoque
668 2949 1003 3010 distrahant.

349 3053 408 3105 5.
454 3046 623 3105 Haec
668 3058 840 3125 atque
884 3049 1018 3109 talia
1062 3051 1412 3126 agitantibus
1456 3069 1793 3127 gravescere
1838 3050 2106 3110 valetudo
2149 3050 2270 3109 Au·

207 3164 243 3209 2
270 3146 439 3222 gusti,
474 3155 533 3203 et
567 3146 804 3222 quidam
844 3148 1032 3206 scelus
1072 3151 1269 3208 uxoris
1313 3151 1739 3225 suspectabant.
1826 3150 2041 3227 quippe
2077 3167 2275 3208 rumor

268 3244 598 3314 incesserat,
644 3262 864 3321 paucos
921 3255 1056 3304 ante
1111 3265 1345 3306 menses
1388 3246 1735 3323 Augustum,
1780 3248 1975 3307 electis
2021 3248 2271 3307 consciis
2288 3272 2353 3319 30

271 3353 329 3402 et
356 3343 568 3403 comite
594 3361 715 3402 uno
744 3343 926 3403 Fabio
947 3344 1228 3417 Maximo,
1251 3346 1582 3405 Planasiam
1609 3356 1838 3427 vectum
1866 3346 1942 3405 ad
1969 3345 2273 3405 visendum

208 3454 245 3501 3
272 3441 597 3518 Agrippam
612 3459 629 3512 3
671 3442 881 3501 multas
914 3442 1026 3502 illic
1065 3445 1351 3520 utrimque
1388 3445 1656 3505 lacrimas
1704 3456 1760 3504 et
1810 3445 1977 3522 signa
2025 3444 2272 3503 caritatis

273 3557 555 3617 spemque
611 3556 686 3597 ex
741 3557 814 3604 eo
869 3539 993 3599 fore
1036 3552 1100 3600 ut
1147 3543 1366 3602 iuvenis
1411 3545 1715 3620 penatibus
1762 3544 1853 3601 avi
1898 3542 2267 3602 redderetur:
