2594 3925
353 183 431 239 60
763 200 1129 255 CORNELII
1168 208 1259 259 TA
1268 210 1432 261 cJTJ
1462 215 1887 270 ANNALIUM
2001 211 2208 294 [A.u.c.
2239 214 2361 292 767·

429 354 531 407 30.
576 351 733 412 Tum
790 367 854 416 ut
915 362 1153 440 quisque
1209 371 1553 448 praecipuus
1608 377 1878 457 turbator,
1922 382 2243 458 conquisiti,
2297 394 2359 445 et

346 461 496 518 pars,
532 461 694 511 extra
728 465 914 516 castra
946 461 1223 537 palanteS‚
1259 486 1296 526 a
1333 473 1761 535 centurionibus
1800 488 1897 536 aut
1934 482 2352 554 praetoriarum

345 543 665 607 cohortium
702 554 973 616 militibus
1010 564 1200 630 caesi;
1245 570 1537 642 quosdam
1571 573 1680 648 ipsi
1717 577 1996 653 manipuli
2030 579 2351 640 documen·

344 649 464 698 tum
491 644 623 704 fidei
651 650 948 714 tradidere.
1035 673 1275 723 auxerat
1302 667 1549 728 militum
1578 690 1743 731 curas
1770 686 2134 749 praematura
2161 678 2350 738 hiems
2376 692 2416 737 2

285 760 312 807 5
338 739 612 804 imbribus
661 754 945 814 continuis
1000 759 1265 837 adeoque
1315 767 1517 840 saevis,
1560 780 1623 828 ut
1670 789 1791 830 non
1838 775 2034 850 egredi
2081 780 2347 857 tentoria,

272 894 327 943 [κ
338 847 676 919 congregari
723 849 870 909 inter
916 872 994 927 se,
1040 858 1134 916 vix
1183 863 1351 920 tutari
1397 866 1565 941 signa
1616 881 1875 944 possent,
1917 889 2065 948 quae
2119 877 2346 935 turbine

334 944 505 1012 atque
550 944 707 1004 unda
745 953 1131 1025 raptabantur.
1216 961 1459 1021 durabat
1501 973 1559 1022 et
1605 965 1853 1027 formido
1902 970 2164 1030 caelestis
2204 974 2342 1047 irae,
2368 985 2407 1030 3

332 1050 439 1093 nec
479 1037 683 1119 frustra
723 1046 995 1110 adversus
1040 1054 1248 1131 impios
1294 1059 1604 1121 hebescere
1654 1065 1859 1137 sidera,
1905 1086 2069 1128 ruere
2116 1080 2343 1147 tempe-

331 1140 536 1194 states:
581 1126 702 1198 non
743 1144 896 1204 aliud
939 1150 1225 1213 malorum
1267 1157 1657 1220 levamentum
1699 1181 1878 1239 quam
1920 1168 1969 1227 si
2009 1168 2341 1244 linquerent

252 1250 312 1284 10
328 1244 513 1292 castra
566 1237 810 1300 infausta
858 1254 1247 1329 temerataque
1303 1265 1361 1313 et
1408 1259 1579 1318 soluti
1634 1262 1864 1337 piaculo
1924 1266 2038 1324 suis
2094 1269 2339 1345 quisque

323 1328 576 1392 hibernis
622 1339 1007 1404 redderentur.
1090 1351 1344 1425 primum
1390 1365 1613 1429 octava,
1656 1359 1791 1418 dein
1842 1363 2042 1437 quinta
2089 1365 2339 1426 decuma
2360 1379 2398 1424 4

321 1425 473 1501 legio
515 1433 768 1496 rediere:
823 1459 1091 1505 nonanus
1131 1452 1517 1526 opperiendas
1556 1455 1775 1516 Tiberii
1816 1461 2088 1548 epistula-s
2132 1465 2333 1523 clami-

320 1534 550 1599 taverat,
593 1551 732 1593 mox
775 1537 1063 1606 desolatus
1112 1547 1354 1608 aliorum
1406 1552 1759 1614 discessione
1808 1557 2188 1620 inminentem
2231 1583 2335 1624 ne·-

319 1627 645 1688 cessitatem
673 1646 882 1710 sponte
909 1646 1217 1723 praevenit.
1301 1659 1360 1708 et
1390 1649 1613 1712 Drusus
1651 1672 1775 1712 non
1810 1668 2147 1733 exspectato
2173 1662 2332 1738 lega·
2357 1679 2392 1725 5

242 1744 297 1792 15
317 1731 510 1782 torum
548 1747 824 1806 regressu,
862 1740 997 1815 quia
1035 1749 1360 1817 praesentia
1402 1751 1537 1809 satis
1580 1754 1979 1843 consederant,
2020 1759 2082 1816 in
2124 1761 2331 1820 urbem

316 1822 496 1883 rediit.
1795 1862 1813 1891 ι

395 1927 483 1981 31.
528 1923 724 1987 Isdem
765 1930 942 1995 ferme
993 1937 1194 1999 diebus
1239 1943 1428 2004 isdem
1478 1949 1668 2007 causis
1712 1949 2100 2014 Germanicae
2143 1955 2325 2033 legio-

312 2035 415 2077 nes
457 2026 730 2102 turbatae,
773 2045 992 2107 quanto
1034 2038 1245 2113 plures,
1291 2053 1452 2104 tanto
1497 2048 1819 2122 violentius,
1861 2060 1919 2109 et
1961 2070 2178 2129 magna
2215 2074 2323 2132 spe

308 2116 432 2176 fore
464 2132 526 2180 ut
569 2123 949 2192 Germanicus
995 2134 1211 2199 Caesar
1260 2141 1563 2218 imperium
1609 2145 1837 2207 alterius
1889 2151 2008 2225 pati
2058 2154 2322 2229 nequiret

231 2237 292 2271 20
309 2216 576 2295 daretque
624 2243 687 2283 se
735 2228 1059 2305 legionibus
1117 2239 1173 2296 vi
1221 2257 1327 2315 sua
1376 2254 1584 2303 cuncta
1633 2248 1909 2314 tracturiS.
1995 2250 2110 2309 duo
2161 2254 2318 2328 apud
2345 2269 2381 2314 2

305 2316 490 2392 ripam
533 2320 725 2383 Rheni
770 2332 1054 2393 exercitus
1104 2347 1305 2396 erant:
1351 2342 1443 2424 qui
1489 2360 1709 2402 nomen
1752 2348 2049 2450 superiori,
2091 2351 2200 2408 sub
2245 2351 2313 2411 C.

306 2412 445 2473 Silio
483 2417 692 2494 legato,
732 2424 1060 2490 inferiorem
1101 2435 1175 2494 A.
1220 2435 1473 2498 Caecina
1515 2445 1771 2501 curabat.
1855 2446 2114 2522 regimen
2156 2466 2314 2507 sum-

301 2529 430 2571 mae
480 2518 560 2575 rei
602 2538 783 2596 penes
825 2525 1256 2607 Germanicum,
1302 2538 1531 2612 agendo
1581 2538 1895 2600 Galliarum
1942 2547 2139 2603 censui
2188 2557 2311 2607 tum

297 2611 594 2674 intentum.
680 2622 783 2698 sed
831 2628 1040 2700 quibus
1092 2632 1260 2692 Silius
1312 2635 1735 2709 moderabatur,
1790 2650 1986 2700 mente
2034 2645 2310 2721 ambigua
2335 2662 2372 2709 3

217 2732 242 2765 2
249 2731 276 2779 5
296 2708 581 2771 fortunam
611 2720 907 2782 seditionis
935 2725 1154 2788 alienae
1188 2733 1664 2807 speculabantur:
1710 2738 1989 2798 inferioris
2023 2744 2307 2803 exercitus

293 2810 456 2869 miles
483 2813 551 2900 in·
571 2818 791 2877 rabiem
819 2823 1122 2901 prolapsus
1151 2839 1253 2900 est,
1284 2841 1415 2890 orto
1448 2835 1523 2891 ab
1561 2837 2107 2899 unetvicensimanis
2136 2842 2304 2918 quin-

293 2910 555 2986 tanisque
597 2915 774 2989 initio,
818 2930 875 2978 et
920 2926 1112 2983 tractis
1154 2928 1341 3002 prima
1381 2948 1614 3007 quoque
1657 2951 1726 2992 ac
1768 2935 2081 2996 vicensima
2121 2939 2302 3014 legio-

291 3007 493 3067 nibus:
546 3029 682 3071 nam
731 3015 914 3075 isdem
964 3023 1207 3104 aestivis,
1238 3026 1300 3083 in
1348 3028 1553 3086 finibus
1604 3028 1889 3091 Ubiorum
1940 3033 2302 3122 habebantur

288 3124 391 3181 per
432 3108 612 3167 otium
654 3124 753 3171 aut
793 3114 936 3175 levia
977 3121 1190 3181 munia.
1273 3124 1444 3201 igitur
1489 3128 1685 3189 audito
1725 3130 1841 3189 fine
1883 3132 2130 3208 Augusti
2174 3153 2297 3194 ver·
2324 3151 2362 3196 4

207 3222 270 3270 30
288 3205 492 3264 nacula
533 3210 835 3272 multitudo
873 3233 1055 3292 nuper
1092 3229 1222 3278 acto
1265 3222 1327 3279 in
1358 3225 1500 3282 urbe
1535 3225 1761 3297 dilectu,
1796 3229 2065 3290 lasciviae
2111 3242 2289 3307 sueta,

283 3298 546 3361 labor'um
585 3306 915 3383 intoleranS,
945 3315 1179 3391 implere
1209 3329 1532 3380 ceterorum
1560 3324 1731 3383 rudes
1759 3327 1987 3386 animos
2011 3348 2025 3387 :
2067 3331 2293 3389 venisse

283 3406 509 3475 tempus
557 3422 675 3480 quo
724 3413 973 3470 veterani
1021 3425 1305 3475 maturam
1354 3420 1706 3493 missionem,
1757 3424 1992 3485 iuvenes
2041 3427 2289 3503 largiora

282 3495 578 3574 stipendia,
623 3506 814 3566 cuncti
855 3510 1097 3571 modum
1139 3515 1500 3577 miseriarum
1543 3532 1924 3598 exposcerent
1967 3525 2287 3586 saevitiam-
