2594 3925
184 258 322 302 ω).
349 236 459 322 21.]
769 250 1001 300 LIBER
1042 249 1155 300 [Π.
1225 249 1380 301 cap,
1425 242 1641 319 34-38.
2098 258 2203 314 141

187 389 351 477 esse,
410 407 517 466 sed
572 424 764 484 neque
812 425 847 465 a
892 408 980 466 dis
1028 408 1137 466 nisi
1182 408 1357 467 iustas
1407 407 1729 483 supplicum
1772 425 1973 483 preces
2017 405 2213 477 audiri,

188 521 395 580 neque
441 522 794 581 quemquam
838 507 899 563 in
946 505 1295 583 Capitolium
1343 506 1521 563 aliave
1566 506 1722 563 urbis
1768 504 1983 581 templa
2025 504 2212 580 perfu-

126 612 162 657 3
192 620 359 675 gere,
393 613 460 661 ut
487 622 559 663 eo
586 604 842 663 subsidio
872 605 947 662 ad
973 604 1187 680 flagitia
1213 613 1418 662 utatur.
1504 603 1745 661 abolitas
1786 604 1946 678 leges
1989 613 2046 660 et
2088 602 2214 659 fun-

190 698 356 757 ditus
399 719 613 774 versas,
649 703 748 759 ubi
782 703 842 759 in
884 702 1030 774 foro,
1059 703 1119 760 in
1160 702 1357 760 limine
1400 701 1592 759 curiae
1634 701 1710 758 ab
1750 701 1946 758 Annia
1987 700 2213 771 Rufilla,

195 815 385 874 quam
437 798 650 858 fraudis
695 802 803 859 sub
845 801 1031 859 iudice
1074 800 1481 869 damnavisset,
1524 801 1737 875 probra
1780 799 1886 856 sibi
1927 808 1983 856 et
2023 800 2215 856 minae
2239 823 2264 870 5

197 896 600 969 intendantur,
630 916 818 986 neque
862 899 986 975 ipse
1028 898 1238 956 audeat
1279 898 1369 956 ius
1413 897 1658 972 experiri
1699 898 1779 955 ob
1819 895 2069 972 effigiem
2109 897 2217 954 im-

128 1006 173 1050 4
199 996 490 1070 peratoris
518 996 863 1072 oppositam.
948 996 1105 1055 haud
1134 995 1430 1054 dissimilia
1462 994 1555 1052 alii
1583 1004 1640 1052 et
1667 994 1902 1070 quidam
1936 994 2217 1052 atrociora

201 1093 776 1169 circumstrepebant,
820 1095 1320 1170 precabanturque
1363 1092 1619 1150 Drusum
1653 1092 1814 1150 daret
1850 1091 2081 1149 ultionis
2121 1110 2216 1149 ex-

204 1191 485 1267 emplum,
516 1190 701 1250 donec
729 1192 971 1251 accitam
1001 1192 1442 1269 convictamque
1465 1191 1687 1250 attineri
1706 1189 1939 1268 publica
1960 1190 2218 1249 custodia

205 1289 387 1346 iussit.
1032 1279 1037 1286 ⁴
2240 1312 2299 1346 10

291 1392 392 1446 3¹7.
436 1385 514 1444 Et
562 1386 873 1448 Considius
918 1387 1156 1465 Aequus
1199 1397 1256 1447 et
1303 1387 1532 1448 Caelius
1576 1387 1791 1447 Cursor
1833 1389 2051 1464 equites
2098 1387 2220 1446 Ro-

209 1485 389 1556 mani,
420 1486 579 1561 quod
620 1487 765 1545 fictis
803 1488 1117 1547 maiestatis
1152 1487 1485 1545 criminibus
1528 1485 1791 1562 Magium
1831 1485 2221 1546 Caecilianum

208 1592 537 1660 praetorem
590 1584 934 1660 petivissent,
986 1595 1219 1644 auctore
1275 1585 1537 1662 principe
1593 1602 1662 1643 ac
1710 1584 1943 1642 decreto
1993 1594 2221 1642 senatus

144 1692 185 1738 2
208 1682 416 1758 puniti.
486 1692 784 1760 utrumque
812 1684 871 1741 in
901 1683 1130 1742 laudem
1157 1682 1331 1742 Drusi
1365 1683 1726 1741 trahebatur:
1772 1684 1848 1740 ab
1875 1701 1950 1740 eo
1977 1684 2038 1739 in
2064 1684 2221 1753 urbe,

207 1782 357 1839 inter
397 1791 597 1840 coetus
629 1792 686 1840 et
726 1800 1022 1841 sermones
1062 1781 1369 1840 hominum
1404 1782 1761 1852 obversante,
1793 1791 2011 1839 secreta
2044 1781 2219 1857 patris
2244 1803 2299 1853 15

147 1890 183 1936 3
210 1879 481 1954 mitigari.
564 1897 748 1956 neque
777 1880 945 1938 luxus
972 1881 1031 1938 in
1060 1880 1261 1938 iuvene
1294 1880 1445 1939 adeo
1475 1879 1843 1956 displicebat:
1890 1878 2001 1936 huc
2029 1879 2223 1955 potius

209 1978 548 2049 intenderet,
600 1979 753 2037 diem
795 1979 1308 2049 aedificationibus,
1360 1988 1595 2038 noctem
1644 1977 1916 2036 conviviis
1961 1978 2220 2049 traheret,

212 2094 396 2152 quam
439 2077 595 2135 solus
636 2088 694 2135 et
733 2077 904 2135 nullis
931 2077 1317 2153 voluptatibus
1359 2085 1632 2137 avocatus
1675 2084 1956 2133 maestam
1983 2075 2223 2151 vigilan-

212 2175 360 2231 tiam
388 2184 446 2232 et
473 2174 655 2233 malas
684 2192 849 2233 curas
879 2184 1184 2235 exerceret.

301 2277 405 2331 38.
451 2270 591 2331 Non
631 2273 789 2330 enim
833 2271 1115 2343 Tiberius,
1161 2291 1282 2332 non
1327 2282 1690 2331 accusatores
1731 2270 2085 2330 fatiscebant.
2167 2280 2224 2330 et
2245 2294 2303 2329 ιο

214 2370 546 2428 Ancharius
574 2369 802 2428 Priscus
833 2369 1105 2429 Caesium
1135 2369 1399 2429 Cordum
1427 2388 1533 2447 pro
1561 2368 1797 2428 consule
1840 2368 2044 2429 Cretae
2087 2388 2223 2446 pos-

215 2468 496 2527 tulaverat
548 2468 894 2544 repetundis,
950 2468 1150 2527 addito
1210 2468 1523 2527 maiestatis
1579 2467 1835 2538 crimine,
1891 2467 2051 2543 quod
2104 2478 2227 2526 tum

154 2578 191 2625 2
217 2567 485 2624 omnium
512 2567 946 2626 accusationum
975 2566 1469 2657 complementum
1485 2574 1621 2624 erat.
1683 2563 1897 2625 Caesar
1913 2566 2228 2624 Antistium

217 2664 490 2722 Veterem
536 2682 569 2722 e
613 2665 960 2741 primoribus
1004 2663 1410 2734 Macedoniae,
1454 2663 1782 2723 absolutum
1824 2664 2098 2734 adulterii,
2141 2665 2229 2722 in-

216 2762 447 2838 crepitis
489 2762 769 2820 iudicibus
807 2762 884 2821 ad
924 2763 1232 2821 dicendam
1272 2762 1581 2821 maiestatis
1623 2779 1858 2820 causam
1890 2763 2139 2833 retraxit,
2169 2772 2230 2821 ut
2250 2787 2273 2820 2
2280 2786 2307 2834 5

216 2859 510 2917 turbidum
530 2870 588 2917 et
608 2859 1064 2936 Rhescuporidis
1086 2859 1342 2918 consiliis
1370 2859 1729 2936 permixtum,
1752 2877 1866 2935 qua
1895 2868 2228 2936 tempestate

158 2972 192 3017 3
219 2956 407 3034 Cotye
438 2952 658 3038 [fratre]
687 2957 988 3016 interfecto
1016 2956 1230 3015 bellum
1268 2956 1539 3016 adversus
1575 2975 1686 3016 nos
1713 2957 1979 3015 volverat.
2063 2957 2229 3033 igitur

219 3073 371 3130 aqua
396 3064 457 3113 et
484 3055 604 3131 igni
632 3054 993 3114 interdictum
1022 3073 1138 3125 reo,
1169 3054 1610 3132 adpositumque
1647 3065 1711 3114 ut
1737 3064 2017 3113 teneretur
2045 3055 2229 3114 insula

157 3164 196 3209 4
222 3170 405 3229 neque
438 3152 821 3211 Macedoniae
842 3170 1028 3229 neque
1050 3153 1372 3211 Thraeciae
1394 3164 1737 3229 opportuna.
1783 3170 1922 3210 nam
1943 3152 2231 3212 Thraecia

223 3251 405 3308 diviso
441 3244 682 3325 imperio
709 3250 772 3307 in
803 3249 1257 3309 Rhoemetalcen
1283 3261 1341 3309 et
1367 3251 1578 3310 liberos
1608 3249 1824 3326 Cotyis,
1854 3250 1981 3325 quis
2025 3253 2104 3309 ob
2138 3252 2227 3309 in·
2245 3276 2309 3322 30

221 3346 464 3405 fantiam
493 3357 646 3406 tutor
674 3357 794 3405 erat
824 3346 1199 3406 Trebellenus
1230 3347 1434 3419 Rufus,
1463 3347 1766 3406 insolentia
1799 3347 1979 3405 nostri
2008 3347 2228 3407 discors

222 3445 433 3519 agebat
481 3462 666 3519 neque
717 3444 907 3501 minus
958 3444 1413 3503 Rhoemetalcen
1462 3462 1640 3521 quam
1686 3443 2092 3502 Trebellenum
2141 3446 2228 3502 in-

163 3552 199 3599 5
226 3559 434 3600 cusans
463 3541 825 3618 popularium
854 3541 1083 3600 iniurias
1110 3542 1317 3599 inultas
1347 3541 1544 3600 sinere.
1596 3540 1918 3600 Coelaletae
1941 3539 2228 3600 Odrusae-

1170 3664 1284 3707 La
