2594 3925
359 183 467 238 108
691 155 697 162 ’
801 188 1161 262 CORNELII
1201 191 1290 237 TA
1304 189 1459 237 CJTJ
1498 188 1920 237 ANNALJUM
1995 174 2207 260 [A.u.c.
2243 199 2371 251 770·

354 346 455 403 sed
496 345 694 404 fratres
737 347 969 422 egregie
1011 346 1335 405 concordes
1379 357 1435 405 et
1481 345 1883 421 proximorum
1941 344 2367 402 certaminibus

353 444 697 528 inconcussi.

436 547 541 600 44.
584 540 719 610 Nec
756 543 938 603 multo
986 552 1120 620 post
1162 541 1388 602 Drusus
1437 544 1498 601 in
1542 543 1839 619 Illyricum
1882 541 2091 599 missus
2143 549 2253 610 est,
2297 548 2368 596 ut

358 650 649 699 suesceret
673 641 903 701 militiae
933 643 1235 719 studiaque
1267 644 1552 701 exercitus
1580 650 1809 718 pararet
1828 663 1847 715 3
1892 640 2060 700 simul
2087 640 2365 697 iuvenem

306 762 333 811 5
356 741 581 800 urbano
621 741 759 799 luxu
799 741 1190 800 lascivientem
1231 741 1435 801 melius
1478 743 1540 799 in
1585 741 1785 801 castris
1842 739 2041 797 haberi
2089 737 2365 795 Tiberius

359 857 533 915 seque
561 840 829 898 tutiorem
853 842 1083 898 rebatur
1107 848 1353 915 utroque
1399 840 1516 899 filio
1558 840 1821 917 legiones
1854 837 2174 896 obtinente.
2261 832 2365 892 sed
2400 846 2444 890 2

363 937 537 996 Suebi
563 938 1083 1014 praetendebantur
1110 938 1385 997 auxilium
1422 938 1695 997 adversus
1724 937 2054 997 Cheruscos
2083 942 2324 993 orantes
2348 954 2364 1004 ;

361 1055 497 1095 nam
557 1036 814 1096 discessu
868 1036 1275 1095 Romanorum
1331 1055 1399 1095 ac
1447 1037 1615 1095 vacui
1671 1046 1913 1095 externo
1962 1044 2123 1092 metu
2168 1032 2366 1109 gentis

361 1136 736 1194 adsuetudine
764 1144 820 1193 et
848 1146 970 1193 tum
997 1134 1383 1194 aemulatione
1420 1135 1640 1211 gloriae
1681 1153 1843 1193 arma
1870 1134 1934 1191 in
1962 1151 2025 1191 se
2052 1139 2366 1190 verterant.

289 1258 346 1292 10
360 1234 445 1316 vis
499 1233 818 1305 nationum,
867 1235 1042 1292 virtus
1097 1233 1311 1292 ducum
1366 1234 1427 1291 in
1481 1252 1710 1313 aequo;
1773 1242 1862 1291 set
1919 1229 2366 1289 Maroboduum
2392 1244 2435 1290 3

361 1331 514 1407 regis
540 1349 760 1389 nomen
785 1332 1032 1390 invisum
1059 1331 1213 1409 apud
1243 1332 1569 1409 populares,
1599 1330 1925 1389 Arminium
1962 1346 2071 1405 pro
2101 1328 2369 1386 libertate

362 1430 672 1489 bellantem
697 1429 858 1489 favor
884 1430 1152 1490 habebat.

445 1534 550 1587 45.
593 1528 773 1603 Igitur
813 1547 936 1587 non
977 1529 1159 1588 modo
1190 1524 1471 1588 Cherusci
1513 1529 1773 1605 sociique
1814 1545 2034 1598 eorum,
2065 1534 2231 1585 vetus
2259 1524 2372 1581 Ar-

365 1627 525 1685 minii
567 1627 749 1699 miles,
784 1645 1084 1705 sumpsere
1116 1628 1349 1700 bellurn,
1379 1627 1483 1687 sed
1520 1647 1554 1686 e
1590 1625 1772 1704 regno
1802 1627 1976 1687 etiam
2005 1622 2373 1683 Marobodui

294 1750 347 1797 15
368 1718 590 1785 Suebae
629 1735 850 1802 genteS,
881 1726 1205 1786 Semnones
1247 1744 1317 1785 ac
1358 1726 1747 1803 Langobardi,
1777 1724 2039 1785 defecere
2081 1722 2158 1780 ad
2200 1739 2366 1778 eum.

368 1824 574 1900 quibus
603 1823 810 1882 additis
838 1823 1250 1901 praepollebat,
1279 1824 1341 1881 ni
1378 1824 1790 1900 Inguiomerus
1818 1841 1952 1881 cum
1980 1839 2160 1879 manu
2187 1820 2375 1878 clien-
2400 1835 2435 1881 2

368 1923 511 1981 tium
539 1921 613 1982 ad
643 1922 1072 1983 Maroboduum
1102 1922 1459 2000 perfugisset,
1483 1941 1604 1982 non
1631 1922 1804 1983 aliam
1833 1923 1911 1981 ob
1934 1938 2171 1981 causam
2190 1938 2376 1997 quam

369 2023 502 2098 quia
542 2021 725 2081 fratris
766 2022 883 2081 filio
925 2023 1114 2081 iuveni
1163 2034 1398 2098 patruus
1448 2041 1626 2082 senex
1676 2040 1878 2098 parere
1927 2020 2375 2096 dedignabatur.

369 2121 700 2197 deriguntur
728 2121 895 2194 acieS,
925 2121 1048 2198 pari
1089 2121 1374 2198 utrimque
1417 2140 1539 2198 spe,
1569 2138 1698 2191 nec,
1727 2128 1790 2178 ut
1830 2119 1972 2178 olim
2014 2118 2173 2194 apud
2219 2117 2377 2176 Ger·
2404 2130 2440 2176 3

294 2240 354 2274 20
370 2237 593 2291 manOS‚
624 2221 785 2295 vagis
826 2219 1147 2278 incursibus
1188 2228 1287 2277 aut
1327 2218 1591 2278 disiectas
1633 2237 1736 2294 per
1777 2227 2075 2276 catervas:
2154 2216 2379 2293 quippe

371 2317 551 2392 longa
580 2317 884 2376 adversum
914 2335 1024 2376 nos
1068 2316 1264 2374 militia
1304 2317 1667 2376 insueverant
1697 2317 1860 2392 sequi
1889 2317 2074 2391 signa,
2106 2313 2382 2373 subsidiis

372 2415 600 2486 firmari,
638 2415 790 2474 dicta
816 2416 1230 2492 imperatorum
1259 2415 1539 2491 accipere.
1624 2434 1692 2474 ac
1720 2423 1861 2474 tunc
1890 2412 2192 2472 Arminius
2222 2429 2381 2488 equo
2404 2421 2445 2470 4

372 2514 732 2573 conlustrans
781 2527 1006 2587 cuncta,
1051 2523 1115 2572 ut
1171 2532 1437 2591 quosque
1492 2514 1766 2574 advectus
1814 2522 1954 2585 erat,
1998 2512 2384 2588 reciperatam

371 2613 710 2683 libertatem,
739 2612 1046 2671 trucidatas
1082 2612 1363 2688 legiones,
1392 2612 1577 2688 spolia
1611 2612 1800 2670 adhuc
1835 2620 1893 2669 et
1928 2610 2045 2668 tela
2087 2608 2381 2669 Romanis

296 2736 320 2769 2
327 2734 354 2783 5
373 2711 607 2787 derepta
653 2711 714 2768 in
760 2711 1025 2768 manibus
1073 2710 1384 2769 multorum
1426 2711 1789 2783 ostentabat3
1852 2717 2057 2767 contra
2106 2707 2383 2783 fugacem

375 2808 808 2869 Maroboduum
867 2808 1186 2885 appellans,
1244 2808 1598 2884 proeliorum
1660 2817 1983 2884 expertem,
2041 2805 2382 2881 Hercyniae

374 2908 603 2967 latebris
631 2906 968 2977 defensum3
1013 2925 1082 2965 ac
1124 2924 1264 2964 mox
1305 2924 1408 2982 per
1436 2906 1592 2964 dona
1635 2916 1693 2965 et
1734 2906 2057 2982 legationes
2101 2903 2382 2980 petivisse

377 3006 594 3078 foedus,
636 3005 992 3082 proditorem
1032 3006 1269 3081 patriae,
1315 3003 1619 3063 satellitem
1661 3004 1946 3074 CaesariS‚
1990 3002 2148 3061 haud
2186 3003 2382 3086 minus

375 3104 614 3162 infensis
648 3103 855 3162 animis
898 3102 1322 3161 exturbandum
1360 3120 1537 3179 quam
1564 3102 1786 3161 Varum
1820 3101 2161 3175 Quintilium
2202 3101 2381 3159 inter-

297 3226 360 3274 30
379 3202 629 3262 fecerint.
712 3201 1111 3260 meminissent
1143 3201 1325 3259 modo
1354 3211 1439 3260 tot
1476 3201 1844 3278 proeliorum,
1875 3218 2125 3289 quorum
2167 3210 2378 3258 eventu
2406 3217 2440 3264 5

376 3311 433 3359 et
459 3302 535 3360 ad
564 3310 923 3377 postremum
953 3299 1146 3358 eiectis
1176 3298 1462 3358 Romanis
1491 3300 1629 3359 satis
1656 3301 1982 3376 probatum,
1999 3315 2183 3375 penes
2215 3308 2376 3357 utros

376 3416 602 3456 summa
628 3399 761 3457 belli
786 3398 966 3457 fuerit.

458 3501 562 3554 46.
606 3496 810 3572 Neque
862 3496 1260 3555 Maroboduus
1306 3497 1575 3555 iactantia
1621 3497 1709 3554 sui
1753 3506 1853 3555 aut
1903 3496 2123 3572 probris
2167 3495 2228 3551 in
2271 3493 2376 3553 ho-
