2594 3925
200 230 442 315 A.n.21.]
758 242 990 293 LIBER
1035 241 1146 292 III.
1216 243 1369 293 CAP.
1414 235 1629 307 48-52.
2084 244 2196 306 153

202 398 430 457 Clutorii
475 397 535 455 in
577 398 802 474 integro
847 402 934 473 sit,
979 403 1077 478 qui
1121 417 1310 477 neque
1355 408 1606 457 servatus
1652 397 1712 455 in
1762 395 2076 473 periculum
2120 395 2202 451 rei

116 514 161 559 5
198 497 453 571 publicae
498 515 686 573 neque
728 498 1056 558 interfectus
1101 500 1159 555 in
1201 498 1534 573 exemplum
1576 496 1696 554 ibit.
1780 495 1968 553 studia
2010 494 2105 563 illi,
2139 502 2202 551 ut

195 595 360 670 plena
404 595 762 667 vaecordiae,
810 597 889 656 ita
945 599 1142 656 inania
1194 607 1251 656 et
1297 597 1457 654 fluxa
1505 603 1637 654 sunt
1654 611 1671 666 3
1734 612 1843 652 nec
1890 594 2202 670 quicquam

195 709 358 766 grave
401 709 472 750 ac
517 693 723 750 serium
753 712 826 753 ex
867 713 942 754 eo
983 706 1224 766 metuaS‚
1269 695 1368 769 qui
1413 687 1648 751 suorum
1688 691 1813 767 ipse
1854 691 2202 766 flagitiorum

109 807 158 852 6
194 791 446 866 proditor
484 809 607 850 non
638 793 887 852 virorum
921 795 1129 853 animis
1165 793 1267 853 sed
1307 791 1765 851 muliercularum
1803 789 2044 865 adrepit.
2108 806 2202 846 ce·
2225 807 2252 859 5

194 889 287 947 dat
320 900 518 948 tamen
552 892 690 949 urbe
730 901 787 949 et
827 893 999 952 bonis
1029 892 1255 951 amissis
1292 909 1444 967 aqua
1472 899 1529 948 et
1558 890 1681 965 igni
1709 898 2000 947 arceatur:
2043 885 2203 962 quod

189 987 423 1062 perinde
453 1006 666 1048 censeo
697 1008 764 1048 ac
795 991 843 1048 si
872 990 999 1067 lege
1029 990 1345 1050 maiestatis
1374 986 1694 1050 teneretur.’.

267 1093 360 1145 51.
409 1085 578 1144 Solus
627 1086 853 1164 Lepido
910 1088 1208 1149 Rubellius
1266 1088 1524 1147 Blandus
1578 1105 1611 1144 e
1660 1084 2053 1163 consularibus
2097 1083 2197 1141 ad·

190 1184 401 1241 sensit:
452 1185 624 1244 ceteri
668 1188 1013 1246 sententiam
1055 1188 1353 1265 Agrippae
1383 1186 1578 1254 secuti,
1610 1186 1928 1260 ductusque
1972 1183 2033 1240 in
2076 1200 2199 1241 car·

116 1294 157 1339 2
190 1299 373 1339 cerem
405 1281 633 1341 Priscus
672 1303 741 1345 ac
780 1288 971 1346 statim
1009 1288 1389 1345 exanimatuS.
1473 1284 1532 1343 id
1563 1282 1832 1341 Tiberius
1872 1279 2052 1340 solitis
2088 1280 2197 1340 sibi
2219 1304 2278 1339 10

189 1381 530 1457 ambagibus
572 1384 726 1458 apud
770 1396 1033 1444 senatum
1074 1385 1370 1454 incusavit,
1415 1400 1548 1442 cum
1589 1381 1884 1440 extolleret
1925 1380 2199 1456 pietatem

188 1480 448 1553 quamvis
491 1482 751 1541 modicas
794 1485 1072 1561 principis
1115 1484 1349 1542 iniurias
1395 1483 1598 1541 acriter
1638 1481 2051 1549 ulciscentium,
2098 1478 2196 1537 de-

186 1588 512 1651 precaretur
553 1589 671 1638 tam
712 1561 1038 1658 praecipitis
1066 1584 1374 1641 verborum
1417 1597 1681 1657 poenas;
1725 1578 1981 1637 laudaret
2022 1576 2195 1653 Lepi·

116 1685 155 1730 3
187 1674 338 1745 dum,
369 1687 561 1754 neque
603 1679 923 1757 Agrippam
956 1690 1232 1756 argueret.
1317 1679 1485 1755 igitur
1526 1677 1737 1736 factum
1777 1686 2007 1735 senatus
2051 1694 2194 1735 con-

186 1775 411 1847 sultum,
434 1794 532 1835 -ne
576 1778 806 1837 decreta
846 1789 1071 1855 patrum
1113 1789 1247 1837 ante
1299 1778 1452 1836 diem
1494 1777 1753 1834 decimum
1793 1775 1869 1833 ad
1912 1775 2189 1833 aerarium
2214 1797 2270 1847 15

116 1881 157 1925 4
187 1872 539 1933 deferrentur
578 1876 751 1953 idque
779 1877 927 1936 vitae
970 1879 1218 1954 spatium
1261 1875 1546 1934 damnatis
1588 1883 2003 1950 prorogaretur.
2090 1873 2193 1931 sed

184 1992 305 2033 non
364 1975 587 2033 senatui
642 1976 870 2036 libertas
920 1977 996 2035 ad
1048 1976 1464 2053 paenitendum
1512 1982 1648 2044 erat,
1691 1989 1878 2048 neque
1924 1971 2192 2031 Tiberius

182 2072 483 2132 interiectu
509 2075 785 2150 temporis
813 2075 1195 2151 mitigabatur.

263 2178 367 2232 52.
412 2171 480 2232 C.
554 2173 836 2249 Sulpicius
902 2173 976 2232 D.
1038 2173 1310 2232 Haterius
1381 2172 1648 2231 consules
1714 2178 2036 2246 sequuntur,
2100 2171 2190 2228 in-

179 2271 442 2329 turbidus
485 2272 731 2330 externis
773 2274 940 2331 rebus
984 2290 1185 2343 annuS,
1229 2271 1388 2330 domi
1431 2280 1697 2346 suspecta
1745 2268 2042 2328 severitate
2084 2268 2187 2326 ad·
2209 2293 2271 2328 20

180 2387 409 2427 versum
466 2368 682 2439 luxum,
739 2371 837 2445 qui
893 2371 1220 2428 inmensum
1275 2377 1610 2445 proruperat
1664 2367 1740 2425 ad
1794 2376 2001 2425 cuncta
2057 2365 2187 2441 quis

116 2491 151 2535 2
178 2467 432 2545 pecunia
485 2467 815 2542 prodigitur.
900 2469 1004 2528 sed
1046 2468 1158 2527 alia
1201 2477 1551 2543 sumptuum,
1600 2465 1861 2542 quamvis
1910 2464 2184 2541 graviora,

181 2565 552 2626 dissimulatis
569 2565 902 2643 plerumque
924 2566 1116 2642 pretiis
1135 2565 1568 2624 occultabantur
1583 2583 1599 2636 ;
1643 2565 1855 2622 ventris
1884 2574 1941 2621 et
1963 2581 2186 2638 ganeae

177 2674 414 2742 paratus
443 2663 696 2721 adsiduis
732 2665 1091 2723 sermonibus
1120 2664 1333 2740 vulgati
1372 2663 1628 2723 fecerant
1670 2681 1881 2732 curam,
1914 2681 1987 2721 ne
2029 2662 2186 2739 prin-

120 2777 153 2822 3
180 2782 320 2839 ceps
350 2762 619 2838 antiquae
649 2760 1029 2838 parsimoniae
1059 2763 1254 2821 durius
1284 2763 1616 2821 adverteret.
1702 2780 1840 2819 nam
1877 2760 2188 2837 incipiente
2208 2782 2267 2832 25

180 2860 248 2921 C.
296 2860 508 2919 Bibulo
551 2861 725 2919 ceteri
776 2878 1006 2937 quoque
1047 2860 1260 2919 aediles
1313 2861 1710 2933 disseruerant,
1762 2861 1951 2936 sperni
1995 2877 2188 2935 sump-

180 2961 427 3018 tuarium
484 2958 674 3033 legem
722 2960 1007 3035 vetitaque
1062 2960 1392 3017 utensilium
1442 2960 1621 3036 pretia
1679 2959 1874 3035 augeri
1928 2958 1989 3015 in
2047 2957 2186 3030 dies,

179 3077 290 3115 nec
319 3057 709 3115 mediocribus
749 3058 1014 3116 remediis
1058 3058 1178 3117 sisti
1221 3076 1414 3134 posse.
1500 3068 1557 3117 et
1587 3057 1837 3117 consulti
1865 3067 2056 3132 patres
2099 3057 2187 3113 in-
2269 3070 2276 3075 ’

120 3170 156 3216 4
180 3165 408 3231 tegrum
452 3154 511 3212 id
539 3155 838 3231 negotium
876 3155 951 3213 ad
993 3156 1313 3231 principem
1353 3155 1700 3214 distulerant.
1786 3155 1887 3212 sed
1922 3153 2188 3213 Tiberius

180 3270 357 3329 saepe
387 3252 541 3328 apud
585 3270 646 3311 se
688 3254 997 3329 pensitat0,
1026 3271 1101 3311 an
1143 3255 1394 3312 coerceri
1437 3263 1556 3311 tam
1585 3252 1851 3329 profusae
1887 3253 2187 3328 cupidines
2204 3277 2270 3323 30

179 3360 440 3428 possent,
486 3368 626 3408 num
669 3352 941 3410 coercitio
984 3351 1110 3427 plus
1156 3351 1352 3411 damni
1395 3353 1456 3410 in
1506 3371 1627 3410 rem
1669 3350 1962 3427 publicam
2003 3350 2187 3421 ferret,

181 3465 361 3523 quam
410 3446 749 3505 indecorum
803 3450 1116 3507 adtrectare
1164 3449 1322 3526 quod
1370 3467 1492 3507 non
1538 3449 1821 3506 obtineret
1863 3448 1953 3506 vel
2001 3458 2188 3506 reten-

182 3554 308 3604 tum
351 3545 735 3622 ignominiam
783 3556 840 3605 et
882 3545 1179 3604 infamiam
1229 3548 1478 3605 virorum
1534 3546 1851 3604 inlustrium
1908 3557 2187 3623 posceret,
