2594 3925
210 209 348 249 Aa).
381 183 486 270 16.]
811 195 1044 247 LIBER
1084 197 1163 246 II.
1233 196 1386 246 CAP.
1435 190 1648 261 38-41.
1701 237 1716 247 .
2120 197 2232 253 105

209 366 401 433 atque
441 355 671 415 interim
712 365 936 432 patrata
980 354 1158 413 caede
1176 327 1189 402 ἶ
1201 352 1277 411 ad
1319 354 1543 412 maiora
1584 362 1643 410 et
1683 351 1870 427 magis
1908 346 2236 426 praecipitia

210 472 548 514 conversus
576 446 587 476 f
603 453 821 534 furatur
877 453 1102 511 cineres
1151 461 1464 527 vectusque
1523 449 1742 510 Cosam
1796 448 2053 507 Etruriae
2108 464 2237 522 pro·

211 554 589 612 munturium
629 553 840 629 ignotis
871 552 1015 612 locis
1057 569 1183 611 sese
1210 551 1388 621 abdit,
1419 550 1607 610 donec
1637 550 1856 608 crinem
1884 548 2237 618 barbamque

215 653 620 729 promitteret.
668 669 807 710 nam
835 660 1022 711 aetate
1050 660 1107 709 et
1133 649 1327 708 forma
1364 649 1522 708 haud
1549 643 1809 707 dissimili
1849 648 1910 704 in
1938 643 2240 703 dominum

149 759 191 804 4
215 761 367 809 erat.
453 760 578 808 tum
606 769 708 826 per
736 749 978 813 idoneos
1007 759 1064 807 et
1093 750 1297 809 secreti
1325 749 1449 807 eius
1494 747 1686 807 socios
1716 743 2024 804 crebrescit
2055 741 2239 798 vivere
2262 763 2289 810 5

216 848 572 924 Agrippam,
603 847 845 906 occultis
868 849 1124 942 primurn
1167 847 1553 917 sermonibuS,
1581 855 1645 903 ut
1671 843 1843 902 vetita
1870 842 2071 910 solent,
2100 857 2239 896 mox

217 964 377 1020 vago
406 964 639 1005 rumore
671 945 829 1022 apud
849 945 1236 1022 inperitissimi
1276 945 1557 1021 cuiusque
1597 951 1898 1020 promptas
1940 956 2103 997 aures
2144 945 2241 994 aut

156 1053 190 1099 5
217 1061 460 1102 rursum
488 1043 648 1119 apud
677 1043 936 1102 turbidos
963 1061 1155 1120 eoque
1184 1062 1337 1103 nova
1368 1043 1683 1119 cupientes.
1729 1050 1905 1116 atque
1929 1039 2054 1115 ipse
2084 1036 2239 1093 adire

219 1142 551 1218 municipia
590 1143 842 1201 obscuro
876 1141 1012 1226 diei,
1042 1141 1234 1219 neque'
1266 1141 1574 1218 propalam
1604 1139 1788 1217 aspici
1815 1155 2005 1213 neque
2034 1134 2243 1192 diutius

221 1240 422 1299 isdem
460 1239 622 1310 lociS‚
654 1241 755 1299 sed
790 1240 927 1318 quia
964 1241 1170 1299 veritas
1208 1241 1336 1300 visu
1378 1250 1437 1299 et
1477 1258 1661 1312 mora,
1693 1237 1836 1297 falsa
1878 1233 2240 1295 festinatione
2265 1256 2322 1289 10

224 1347 288 1396 et
316 1338 549 1396 incertis
577 1338 886 1412 valescunt,
916 1339 1279 1436 relinquebat
1307 1338 1524 1397 famam
1552 1346 1652 1396 aut
1682 1335 2116 1420 praeveniebat,

313 1440 427 1494 40.
505 1435 865 1512 Vulgabatur
923 1429 1154 1495 inter1rn
1215 1456 1321 1514 per
1376 1436 1606 1495 Italiam
1665 1444 1951 1494 servatum
2006 1449 2244 1489 munere

228 1534 409 1593 deum
464 1533 806 1611 Agrippam,
860 1536 1200 1595 credebatur
1257 1535 1519 1595 Romae·
1503 1580 1519 1607 ,
1593 1535 1824 1616 iamque
1881 1532 2107 1593 Ostiam
2158 1530 2241 1587 in-

227 1642 463 1691 vectum
521 1633 826 1692 multitudo
880 1635 1136 1710 ingens„
1162 1635 1277 1692 iam
1335 1635 1396 1691 in
1444 1633 1587 1691 urbe
1642 1631 1985 1690 clandestini
2043 1638 2243 1689 coetus

230 1731 623 1804 celebrabant,
681 1748 815 1790 cum
881 1733 1185 1791 Tiberium
1255 1749 1474 1808 anceps
1530 1749 1668 1789 cura
1724 1730 2052 1800 distrahere,
2111 1728 2240 1785 vine
2267 1751 2321 1798 15

231 1830 482 1887 militum
522 1848 748 1888 servum
780 1848 951 1888 suum
988 1840 1281 1890 coerceret
1310 1848 1387 1889 an
1416 1830 1650 1888 inanem
1680 1828 2071 1887 credulitatem
2101 1836 2243 1883 tem-

172 1945 205 1990 2
232 1945 377 2003 pore
407 1928 538 2005 ipso
568 1946 873 1988 vanescere
908 1929 1159 1989 sineret:
1203 1928 1386 1989 modo
1429 1927 1571 1987 nihil
1610 1926 2020 2005 spernendum,
2064 1924 2245 1984 modo
2295 1951 2301 1960 ·

232 2044 357 2084 non
393 2027 594 2084 omnia
635 2027 947 2087 metuenda
991 2027 1302 2104 ambiguus
1338 2027 1579 2103 pudoris
1607 2046 1676 2085 ac
1704 2036 1893 2084 metus
1931 2025 2247 2100 reputabat.

174 2139 206 2184 3
230 2132 530 2199 postremo
559 2124 658 2182 dat
685 2125 982 2200 negotium
1013 2125 1284 2184 Sallustio
1309 2124 1534 2201 Crispo.
1578 2124 1669 2183 ille
1700 2143 1734 2182 e
1762 2123 2065 2182 clientibus
2093 2123 2242 2180 duos

232 2219 500 2301 (quidam
542 2222 748 2280 milites
789 2221 961 2281 fuisse
1002 2219 1261 2301 tradunt)
1291 2222 1490 2299 deligit
1532 2232 1706 2299 atque
1748 2222 2022 2292 hortatur,
2067 2221 2242 2278 simu·
2266 2243 2325 2277 20

233 2320 346 2378 lata
388 2320 743 2378 conscientia
784 2320 1014 2391 adeant,
1057 2321 1309 2381 offerant
1351 2322 1678 2397 pecuniam,
1712 2321 1888 2378 fidem
1931 2329 2101 2395 atque
2142 2335 2245 2394 pe-

177 2432 215 2478 4
236 2417 414 2476 ricula
444 2417 836 2492 polliceantur.
899 2430 1293 2497 exsequuntur
1320 2429 1384 2478 ut
1411 2421 1632 2478 iussum
1662 2428 1802 2477 erat.
1874 2419 2006 2477 dein
2042 2434 2244 2493 specu-

236 2514 332 2574 lati
388 2526 624 2575 noctem
677 2517 1104 2590 incustoditam,
1161 2528 1402 2594 accepta
1465 2518 1678 2576 idonea
1732 2535 1928 2588 manu,
1986 2517 2241 2574 vinctum

179 2627 213 2673 5
240 2613 433 2672 clauso
485 2632 586 2672 ore
634 2616 696 2673 in
744 2616 1028 2675 Palatium
1073 2626 1313 2676 traxere.
1420 2616 1783 2693 percontanti
1823 2615 2077 2685 Tiberio,
2126 2631 2244 2691 quo

239 2711 414 2770 modo
442 2711 705 2789 Agrippa
735 2712 922 2773 factus
959 2725 1126 2787 esset,
1156 2713 1525 2791 respondisse
1559 2713 1734 2772 fertur
1764 2718 1779 2744 ‘
1800 2732 1917 2789 quo
1960 2711 2138 2771 modo
2179 2721 2237 2768 tu
2259 2735 2282 2769 2
2292 2735 2319 2783 5

181 2819 217 2866 6
242 2809 491 2869 Caesar!
577 2821 642 2869 ut
683 2812 881 2871 ederet
918 2814 1109 2872 socios
1147 2813 1339 2889 subigi
1381 2830 1503 2871 non
1543 2813 1744 2887 potuit.
1830 2830 1940 2870 nec
1974 2809 2243 2868 Tiberius

239 2926 492 2984 poenam
533 2910 656 2968 eius
697 2911 892 2988 palam
934 2930 1125 2984 ausuS,
1167 2912 1230 2969 in
1273 2921 1492 2970 secreta
1540 2911 1738 2969 Palatii
1788 2920 1947 2987 parte
1997 2909 2238 2967 interfici

241 3008 398 3066 iussit
440 3025 768 3086 corpusque
811 3009 961 3068 clam
1003 3009 1226 3068 auferri.
1311 3019 1369 3068 et
1396 3026 1755 3086 quamquam
1793 3009 1955 3067 multi
1994 3027 2026 3066 e
2061 3009 2239 3067 domo

240 3106 508 3182 principis
543 3106 878 3184 equitesque
923 3126 991 3166 ac
1030 3117 1325 3168 senatores
1362 3117 1711 3168 sustentasse
1753 3107 1981 3184 opibus,
2034 3107 2240 3165 iuvisse

243 3204 489 3264 consiliis
517 3204 854 3276 dicerentur,
884 3205 1037 3265 haud
1066 3206 1406 3282 quaesitum.
2260 3227 2320 3276 30

317 3308 410 3362 41.
460 3301 606 3361 Fine
661 3303 799 3362 anni
848 3322 1016 3363 arcus
1064 3315 1303 3382 propter
1352 3304 1560 3365 aedem
1611 3304 1840 3363 Saturni
1888 3305 1970 3362 ob
2012 3313 2243 3380 recepta

245 3400 401 3477 signa
429 3418 566 3459 cum
594 3400 754 3461 Varo
780 3402 993 3462 amissa
1030 3403 1208 3462 ductu
1237 3401 1589 3474 Germanici,
1618 3402 1887 3478 auspiciis
1917 3401 2153 3472 Tiberii,
2184 3412 2241 3461 et

245 3497 408 3559 aedes
450 3499 638 3559 Fortis
679 3499 967 3560 Fortunae
999 3500 1258 3560 Tiberim
1299 3502 1458 3559 iuxta
1499 3501 1559 3558 in
1602 3498 1800 3570 hortiS,
1833 3518 1981 3576 quos
2024 3498 2238 3561 Caesar
