2594 3925
148 255 262 297 an.
291 233 403 317 20.]
753 243 986 294 LIBER
1027 245 1137 293 [Π.
1214 245 1367 295 CAP.
1416 249 1548 311 2—7.
2043 258 2147 315 131

146 430 393 489 rumque
436 412 750 485 imagines;
812 409 1084 469 defletum
1141 409 1200 467 in
1256 408 1403 481 foro,
1445 410 1740 469 laudatum
1782 422 1891 487 pro
1933 415 2146 482 rostriS,

147 520 361 568 cuncta
387 528 423 567 a
450 509 758 567 maioribus
790 518 1016 585 reperta
1044 516 1140 565 aut
1179 526 1328 585 quae
1354 509 1571 583 posteri
1598 509 1917 568 invenerint
1945 530 2149 569 cumu-

94 626 121 668 3
147 607 288 665 lata:
353 615 412 664 at
455 606 809 666 Germanico
852 625 928 665 ne
971 606 1172 664 solitos
1214 606 1451 682 quidem
1490 615 1547 665 et
1589 608 1929 684 cuicumque
1972 610 2153 667 nobili

89 721 125 766 4
148 705 376 763 debitos
411 705 669 763 honores
706 704 1034 780 contigisse.
1120 723 1261 763 sane
1296 724 1509 782 corpus
1555 706 1633 763 ob
1669 705 2150 782 longinquitatem

148 804 414 861 itinerum
461 804 710 861 externis
750 804 910 861 terris
950 821 1187 880 quoquo
1232 803 1413 862 modo
1460 813 1774 862 crematum
1805 826 1817 861 ε
1862 807 1966 863 sed
1993 814 2153 865 tanto
2179 829 2205 878 5

145 902 310 976 plura
341 901 554 960 decora
588 919 727 959 mox
764 902 936 960 tribui
973 921 1079 977 par
1116 902 1309 973 fuisse,
1340 913 1561 978 quanto
1600 903 1786 979 prima
1823 901 1941 961 fors
1978 922 2150 978 nega-

91 1018 122 1063 5
147 1001 336 1058 visset.
422 1019 546 1058 non
574 999 820 1070 fratrem,
851 1001 960 1059 nisi
997 1002 1169 1060 unius
1200 1001 1312 1060 diei
1342 1001 1446 1071 via,
1480 1018 1602 1059 non
1640 1011 1909 1076 patruum
1953 1000 2154 1064 saltem
2191 1005 2192 1014 ’

90 1120 123 1164 6
148 1108 320 1172 porta
360 1107 531 1156 tenus
573 1100 824 1157 obvium.
907 1099 1005 1156 ubi
1046 1099 1139 1157 illa
1179 1109 1435 1157 veterum
1479 1099 1750 1172 instituta,
1795 1099 2152 1175 propositam

147 1204 275 1254 toro
327 1197 594 1272 effigiem,
651 1198 926 1256 meditata
981 1197 1055 1255 ad
1110 1199 1453 1257 memoriam
1510 1198 1727 1257 virtutis
1784 1198 2039 1257 carmina
2098 1207 2155 1255 et

148 1294 528 1367 laudationes,
564 1306 620 1354 et
648 1295 917 1353 lacrimas
946 1296 1033 1355 vel
1064 1296 1280 1355 doloris
1310 1298 1709 1356 imitamenta?
2176 1319 2235 1355 10

230 1400 289 1452 6.
336 1393 602 1453 Gnarum
657 1394 715 1451 id
772 1393 1008 1453 Tiberio
1062 1394 1208 1468 fuit;
1271 1405 1447 1472 utque
1503 1406 1787 1473 premeret
1828 1397 1981 1474 vulgi
2038 1416 2154 1456 ser·

149 1509 372 1561 moneS‚
402 1492 626 1551 monuit
655 1493 846 1551 edicto
886 1493 1100 1552 multos
1136 1494 1459 1552 inlustrium
1490 1495 1895 1553 Romanorum
1924 1497 2003 1553 ob
2031 1514 2154 1553 rem

148 1590 440 1665 publicam
469 1592 678 1663 obisse,
708 1592 1003 1649 neminem
1031 1601 1151 1650 tam
1180 1593 1446 1668 flagranti
1476 1594 1757 1653 desiderio
1788 1594 2152 1653 celebratum.

94 1706 124 1749 2
148 1688 317 1764 idque
347 1700 405 1747 et
448 1690 554 1747 sibi
585 1701 641 1748 et
671 1690 890 1749 cunctis
927 1691 1240 1767 egregium,
1278 1692 1325 1750 si
1359 1692 1570 1750 modus
1613 1692 1949 1751 adiceretur.
2034 1712 2153 1751 non

148 1788 302 1845 enim
347 1788 556 1846 eadem
600 1789 810 1848 decora
852 1790 1205 1865 principibus
1246 1790 1377 1849 viris
1433 1801 1489 1848 et
1540 1791 1869 1866 imperatori
1911 1791 2147 1868 popu10‚
2175 1814 2229 1862 15

91 1903 123 1946 3
148 1904 294 1961 quae
352 1886 599 1945 modicis
647 1887 916 1945 domibus
972 1897 1069 1945 aut
1127 1888 1459 1946 civitatibus,
1544 1889 1883 1947 convenisse
1939 1888 2153 1946 recenti

148 1986 332 2046 dolori
375 1987 594 2044 luctum
637 1995 692 2044 et
736 2005 808 2044 ex
854 2005 1117 2045 maerore
1163 1988 1415 2061 solacia3
1475 1989 1580 2047 sed
1635 1987 1997 2046 referendum
2038 1988 2154 2045 iam

146 2087 408 2142 animum
458 2085 533 2142 ad
575 2084 998 2156 firmitudinem,
1041 2095 1105 2143 ut
1162 2088 1459 2162 quondam
1502 2086 1662 2144 divus
1717 2085 1899 2145 Iulius
1944 2086 2155 2144 amissa

145 2185 320 2242 unica
361 2183 495 2253 filia,
538 2195 601 2240 ut
642 2184 805 2242 divus
839 2184 1134 2259 Augustus
1178 2186 1387 2260 ereptis
1429 2185 1737 2261 nepotibus
1779 2171 2152 2242 abstruserint

88 2298 123 2343 4
146 2282 444 2341 tristitiam.
529 2282 608 2339 nil
650 2300 796 2357 opus
830 2282 1228 2341 vetustioribus
1266 2283 1562 2359 exemplis,
1594 2283 1859 2360 quotiens
1902 2282 2151 2358 populus
2173 2305 2233 2340 20

148 2381 456 2440 Romanus
478 2380 670 2440 clades
691 2382 1058 2452 exercituum,
1082 2381 1370 2439 interitum
1387 2382 1617 2453 ducum,
1641 2381 1893 2439 funditus
1912 2381 2151 2439 amissas

90 2496 121 2540 5
146 2480 372 2538 nobiles
417 2477 658 2537 familias
701 2490 1028 2539 constanter
1072 2481 1275 2539 tulerit.
1361 2481 1653 2557 principes
1696 2481 1983 2551 mortales,
2028 2498 2150 2537 rem

143 2578 441 2655 publicam
469 2587 761 2635 aeternam
795 2596 961 2661 esse„
1020 2580 1187 2654 proin
1223 2588 1548 2656 repeterent
1586 2578 1898 2648 sollemnia,
1930 2588 1987 2636 et
2017 2579 2149 2654 quia

144 2677 413 2736 ludorum
458 2673 844 2751 Megalesium
888 2678 1279 2754 spectaculum
1323 2678 1568 2748 suberat,
1616 2677 1788 2735 etiam
1832 2676 2149 2753 voluptates

144 2783 519 2834 resumerent.
2169 2797 2226 2846 25

224 2880 284 2934 ¹7.
330 2872 490 2931 Tum
532 2882 706 2930 exuto
749 2873 962 2932 iustitio
1002 2875 1246 2933 reditum
1289 2873 1365 2932 ad
1405 2874 1619 2944 munia,
1652 2884 1707 2931 et
1750 2872 1975 2931 Drusos
2013 2873 2146 2949 Illy-

145 2973 294 3030 ricos
340 2972 416 3029 ad
461 2972 739 3030 exercitus
783 2972 1071 3048 profectus
1115 2983 1217 3045 est,
1261 2974 1462 3031 erectis
1508 2973 1768 3030 omnium
1812 2972 2017 3029 animis
2058 2981 2147 3046 spe

144 3070 429 3146 petendae
468 3088 501 3127 e
544 3054 754 3128 Pisone
785 3071 1016 3130 ultionis
1054 3083 1111 3130 et
1154 3074 1358 3130 crebro
1395 3080 1617 3148 questu,
1652 3071 1810 3146 quod
1846 3088 2024 3145 vagus
2059 3069 2145 3126 in-

144 3170 307 3226 terim
334 3187 440 3245 per
484 3186 732 3227 amoena
768 3169 940 3227 Asiae
980 3180 1151 3246 atque
1182 3171 1441 3230 Achaiae
1481 3169 1781 3245 adroganti
1815 3178 1870 3226 et
1900 3169 2142 3227 subdola
2241 3196 2268 3218 υ

90 3279 121 3324 2
145 3285 310 3326 mora
337 3267 619 3325 scelerum
655 3269 1026 3343 probationes
1070 3262 1432 3328 subverteret.
1520 3286 1658 3325 nam
1694 3268 1985 3342 vulgatum
2025 3277 2144 3325 erat
2164 3291 2225 3338 30

145 3367 398 3436 missam,
440 3375 503 3422 ut
546 3364 679 3434 dixi,
717 3384 752 3423 a
785 3364 889 3424 Cn.
936 3366 1135 3425 Sentio
1179 3367 1467 3427 famosam
1496 3365 1783 3424 veneficiis
1829 3363 2144 3423 Martinam

144 3465 330 3522 subita
367 3472 553 3520 morte
589 3462 870 3521 Brundisii
907 3465 1235 3539 extinctam,
1274 3481 1674 3540 venenumque
1707 3461 1864 3520 nodo
1906 3463 2145 3521 crinium

142 3562 262 3621 eius
291 3561 662 3626 occultatum.
682 3580 793 3620 nec
813 3563 928 3621 ulla
949 3564 1009 3620 in
1031 3582 1277 3641 corpore
1308 3565 1470 3641 signa
1494 3561 1705 3638 sumpti
1728 3561 1882 3619 exitii
1902 3573 2141 3638 reperta.

1089 3690 1203 3731 1<2
