2594 3925
219 251 346 293 an.
381 226 488 313 ῃ]
813 240 1045 289 LIBER
1084 240 1184 291 JV.
1250 242 1403 291 CAP.
1444 236 1655 308 13-16.
2114 248 2225 309 175

223 413 316 461 tor
356 401 535 459 Asiae
577 398 828 459 Lucilius
869 398 1080 477 Capito
1122 412 1429 460 accusante
1486 402 1779 478 provincia
1820 420 2055 461 causam
2100 402 2225 460 dix-

223 500 348 571 erit,
395 517 612 575 magna
651 515 786 556 cum
827 498 1256 558 adseveratione
1300 500 1591 578 principiS,
1627 519 1744 560 non
1788 509 1850 560 se
1893 502 1980 560 ius
2021 501 2128 559 nisi
2167 501 2228 558 in

224 597 457 658 servitia
489 608 547 655 et
578 597 852 673 pecunias
890 595 1192 657 familiares
1227 598 1491 659 dedisse:
1533 599 1691 675 quod
1725 600 1774 657 si
1806 600 1923 658 vim
1955 599 2229 675 praetoris

223 704 559 773 usurpasset
595 695 976 772 manibusque
1009 695 1251 755 militum
1283 715 1423 756 usus
1456 697 1617 768 foret,
1652 710 1842 774 spreta
1870 699 1931 755 in
1959 716 2032 757 eo
2066 716 2229 756 man-

163 810 201 856 4
225 797 365 854 data
411 812 546 853 sua:
589 793 849 852 audirent
897 795 1104 855 socios,
1186 797 1265 854 ita
1307 814 1437 855 reus
1482 796 1718 872 cognito
1774 796 2012 872 negotio
2070 797 2231 855 dam·-
2254 819 2280 867 5

225 905 416 952 natur.
499 893 576 951 ob
603 910 781 969 quam
807 892 1101 966 ultionem,
1131 904 1187 952 et
1216 893 1362 970 quia
1378 894 1569 970 priore
1597 912 1754 952 anno
1782 894 1843 952 in
1871 893 1940 953 C.
1975 894 2231 953 Silanum

223 992 579 1051 vindicatum
616 1002 751 1061 erat,
786 975 1100 1050 decrevere*
1114 992 1287 1051 Asiae
1321 994 1490 1051 urbes
1528 993 1807 1069 templum
1831 992 2066 1051 Tiberio
2106 1011 2229 1050 ma-

165 1103 199 1148 5
225 1094 411 1168 trique
440 1091 561 1149 eius
593 1109 661 1149 ac
692 1090 928 1149 senatui.
1010 1099 1070 1148 et
1100 1091 1444 1165 permissum
1482 1100 1761 1163 statuere;
1804 1091 2035 1167 egitque
2071 1090 2229 1148 Nero

224 1199 420 1267 grates
462 1208 532 1248 ea
576 1206 749 1248 causa
788 1189 1041 1265 patribus
1083 1198 1253 1265 atque
1303 1208 1429 1260 avo,
1472 1188 1652 1248 laetas
1696 1191 1841 1248 inter
1882 1188 2231 1248 audientium

224 1289 603 1371 adfectioneS,
658 1288 757 1364 qui
809 1287 1023 1346 recenti
1077 1288 1356 1346 memoria
1411 1286 1741 1346 Germanici
1800 1287 1962 1345 illum
2023 1287 2224 1363 aspici,
2253 1309 2312 1344 10

163 1397 199 1443 6
227 1387 390 1445 illum
428 1387 609 1445 audiri
646 1387 925 1444 rebantur.
1009 1386 1360 1461 aderantque
1394 1386 1584 1443 iuveni
1621 1387 1903 1445 modestia
1938 1404 2006 1443 ac
2050 1384 2233 1444 forma

227 1486 492 1563 principe
533 1486 657 1544 viro
693 1484 885 1560 digna,
923 1484 1076 1543 notis
1107 1484 1167 1541 in
1208 1501 1345 1541 eum
1379 1484 1572 1543 Seiani
1611 1485 1760 1544 odiis
1801 1486 1878 1544 ob
1919 1484 2230 1561 periculum

228 1584 501 1661 gratiora.

310 1689 408 1743 16.
455 1681 575 1740 Sub
628 1681 784 1740 idem
838 1692 1066 1757 tempus
1114 1681 1187 1741 de
1236 1681 1472 1741 flamine
1513 1681 1666 1744 Diali
1717 1682 1780 1740 in
1829 1682 2023 1741 locum
2075 1682 2232 1741 Servi

228 1779 660 1856 Maluginensis
688 1779 939 1838 defuncti
970 1779 1240 1856 legendo,
1271 1781 1442 1838 simul
1478 1781 1739 1856 roganda
1768 1799 1917 1839 nova
1944 1781 2072 1857 lege
2114 1780 2228 1838 dis·
2253 1804 2310 1853 15

168 1896 204 1942 2
230 1879 409 1939 seruit
439 1879 671 1937 Caesar.
754 1895 892 1936 nam
925 1878 1195 1953 patricios
1230 1878 1603 1940 confarreatis
1641 1880 1972 1955 parentibus
2008 1879 2233 1954 genitos

229 1989 346 2037 tres
387 1976 557 2035 simul
599 1977 902 2048 nominari,
945 1995 1019 2035 ex
1068 1977 1195 2054 quis
1241 1995 1391 2036 unus
1436 1977 1731 2054 legeretur,
1774 1988 1997 2037 vetusto
2032 1994 2233 2036 more:

230 2095 422 2154 neque
480 2076 701 2145 adesse,
757 2085 821 2134 ut
873 2075 1030 2145 olim,
1086 2092 1217 2134 eam
1272 2077 1521 2153 copiam,
1566 2077 1782 2135 omissa
1837 2075 2234 2135 confarreandi

169 2193 203 2238 3
231 2174 611 2234 adsuetudine
663 2185 764 2233 aut
818 2174 961 2232 inter
1014 2191 1237 2250 paucos
1290 2183 1544 2233 retenta:
1594 2173 1926 2253 (pluresque
1973 2176 2096 2234 eius
2151 2175 2233 2233 rei

232 2291 441 2333 causas
480 2272 791 2345 adferebat,
833 2271 1193 2350 potissimam
1235 2291 1415 2349 penes
1458 2273 1739 2333 incuriam
1780 2274 2031 2332 virorum
2071 2273 2234 2332 femi·
2256 2296 2317 2332 20

232 2385 593 2449 nammque3
651 2371 924 2431 accedere
982 2371 1162 2448 ipsius
1218 2372 1601 2432 caerimoniae
1657 2372 2033 2443 difficultateS‚
2089 2390 2235 2448 quae

232 2470 502 2531 consulto
543 2469 875 2549 vitarentur)
912 2479 974 2528 et
1015 2470 1173 2547 quod
1213 2471 1392 2529 exiret
1432 2489 1467 2529 e
1506 2471 1626 2529 iure
1668 2471 1853 2546 patrio
1894 2471 1994 2547 qui
2033 2470 2091 2528 id
2134 2470 2235 2530 fla-

232 2570 499 2628 monium
540 2569 886 2647 apisceretur
927 2586 1191 2645 quaeque
1231 2570 1292 2627 in
1331 2587 1570 2627 manum
1602 2569 1852 2627 flaminis
1888 2569 2235 2628 conveniret.

169 2683 207 2727 4
232 2669 311 2725 ita
338 2666 694 2726 medendum
724 2675 959 2725 senatus
990 2667 1223 2726 decreto
1253 2679 1349 2725 aut
1380 2667 1527 2742 lege,
1558 2667 1703 2724 sicut
1729 2667 2025 2743 Augustus
2062 2685 2234 2743 quae-

231 2766 372 2824 dam
415 2783 486 2824 ex
528 2764 763 2824 horrida
801 2763 896 2823 illa
945 2765 1277 2840 antiquitate
1326 2764 1400 2823 ad
1455 2775 1817 2842 praesentem
1870 2783 2039 2823 usum
2095 2766 2236 2823 flex-
2258 2790 2315 2838 25

169 2883 206 2928 5
232 2865 385 2923 isset.
470 2863 638 2939 igitur
664 2863 915 2922 tractatis
952 2862 1317 2938 religionibus
1349 2863 1618 2938 placitum
1656 2863 1913 2922 instituto
1939 2863 2235 2921 flaminum

192 2964 199 2967 “
231 2961 372 3021 nihil
415 2960 740 3020 demutari:
784 2961 889 3020 sed
929 2961 1046 3020 lata
1085 2961 1196 3033 lex,
1239 2979 1356 3037 qua
1398 2961 1687 3019 flaminica
1721 2961 1904 3020 Dialis
1942 2979 2235 3020 sacrorum

232 3077 410 3120 causa
466 3059 529 3117 in
589 3069 873 3136 potestate
933 3059 1050 3130 viri,
1112 3069 1301 3118 cetera
1360 3061 1651 3136 promisco
1713 3059 2056 3121 feminarum
2118 3060 2235 3119 iure

169 3178 207 3224 Β
233 3167 449 3234 ageret.
518 3167 577 3216 et
603 3157 751 3217 filius
780 3156 1198 3233 Maluginensis
1224 3159 1369 3234 patri
1398 3158 1684 3217 suffectus.
1767 3167 1943 3235 utque
1969 3158 2236 3234 glisceret

231 3256 496 3333 dignatio
539 3255 907 3315 sacerdotum
948 3266 1117 3334 atque
1158 3257 1296 3332 ipsis
1345 3257 1665 3333 promptior
1706 3257 1933 3315 animus
1975 3255 2121 3316 foret
2159 3258 2233 3316 ad
2255 3281 2317 3330 30

234 3346 627 3431 capessendas
656 3354 1057 3424 caerimonias,
1089 3354 1383 3413 decretum
1416 3353 1719 3413 Corneliae
1748 3353 1967 3429 virgini,
1997 3373 2146 3431 quae
2174 3356 2233 3414 in

231 3452 427 3511 locum
459 3450 724 3511 Scantiae
754 3452 1100 3528 capiebatur,
1132 3453 1451 3510 sestertium
1481 3451 1716 3520 vicienS‚
1738 3459 1796 3508 et
1821 3451 2086 3526 quotiens
2113 3454 2230 3512 Au-

233 3559 403 3625 gusta
431 3549 716 3608 theatrum
752 3549 1056 3619 introisset,
1087 3558 1150 3606 ut
1178 3548 1343 3607 sedes
1378 3550 1524 3608 inter
1542 3547 1859 3605 Vestalium
1889 3550 2229 3613 consideret.
