2594 3925
435 249 542 305 132
886 239 1241 289 CORNELI!
1288 239 1551 288 TACJTJ
1586 238 2008 289 ANNALJUM
2080 226 2162 309 [A.
2175 246 2298 288 mc.
2327 247 2434 298 773·

511 402 570 454 8.
614 395 691 453 At
739 394 873 455 Piso
928 396 1244 472 praemisso
1300 397 1360 453 in
1405 397 1611 454 urbem
1668 396 1784 454 filio
1841 396 2104 472 datisque
2146 393 2437 453 mandatis

429 511 533 568 per
575 510 722 569 quae
763 494 1081 570 principem
1122 491 1371 550 molliret
1412 492 1488 551 ad
1529 493 1786 553 Drusum
1825 494 2029 570 pergit,
2065 511 2242 569 quem
2285 491 2440 550 haud

429 589 612 648 fratris
667 591 890 649 interitu
931 602 1151 649 trucem
1193 608 1369 666 quam
1411 601 1640 649 remoto
1682 592 1913 650 aemulo
1956 593 2292 668 aequiorem
2335 590 2441 648 sibi

432 690 714 764 sperabat.
797 689 1064 748 Tiberius
1113 707 1232 766 quo
1281 689 1571 764 integrum
1625 689 1901 748 iudicium
1957 698 2294 759 ostentaret,
2339 707 2441 747 ex·
2463 697 2496 741 2

380 809 407 859 5
432 796 664 864 ceptum
697 787 939 847 comiter
975 773 1241 846 iuvenem
1277 797 1439 845 sueta
1477 806 1615 864 erga
1647 787 1798 847 filios
1842 788 2181 846 familiarum
2216 787 2443 847 nobiles

430 886 762 968 liberalitate
805 896 992 962 auget.
1076 885 1300 944 Drusus
1343 886 1557 956 Pisoni,
1600 887 1648 944 si
1692 905 1825 944 vera
1865 885 2050 946 forent
2093 904 2243 962 quae
2283 886 2443 944 iace·
2464 898 2495 943 8

431 993 638 1057 rentur,
681 984 1056 1061 praecipuum
1110 985 1170 1042 in
1226 983 1428 1042 dolore
1485 1002 1653 1042 suum
1709 984 1905 1043 locum
1944 983 2274 1060 respondit:
2342 983 2447 1041 sed

432 1083 602 1142 malle
630 1082 772 1141 falsa
799 1092 857 1141 et
881 1083 1077 1141 inania
1119 1100 1229 1140 nec
1275 1081 1549 1159 cuiquam
1584 1092 1834 1140 mortem
1865 1082 2200 1141 Germanici
2239 1082 2443 1140 exitio-

435 1199 560 1239 sam
596 1199 742 1240 esse.
826 1180 971 1239 haec
1007 1180 1198 1257 palam
1243 1190 1303 1239 et
1337 1182 1512 1239 vitato
1549 1181 1710 1239 omni
1748 1191 1972 1240 secreto
1989 1200 2005 1252 ;
2050 1198 2241 1256 neque
2278 1179 2442 1237 dubi·
2462 1190 2498 1234 4

365 1303 420 1339 10
436 1281 702 1337 tabantur
743 1280 1092 1355 praescripta
1133 1278 1186 1336 ei
1227 1268 1279 1336 a'
1306 1278 1555 1351 Tiberio,
1601 1297 1734 1338 cum
1778 1278 2077 1360 incallidus
2119 1278 2339 1355 alioqui
2387 1286 2443 1335 et

436 1376 617 1435 facilis
642 1376 872 1434 iuventa
900 1376 1172 1435 senilibus
1200 1385 1326 1434 tum
1356 1378 1571 1434 artibus
1600 1386 1867 1436 uteretur.
1930 1430 1934 1434 .

522 1482 582 1534 9.
625 1474 759 1533 Piso
807 1473 1136 1533 Delmatico
1188 1474 1333 1531 mari
1378 1476 1643 1534 tramisso
1689 1476 2010 1551 relictisque
2053 1474 2208 1552 apud
2243 1474 2440 1533 Anco-

437 1591 577 1631 nam
604 1572 842 1631 navibus
868 1591 971 1649 per
998 1572 1278 1630 Picenum
1305 1591 1374 1631 ac
1404 1590 1544 1631 mox
1567 1572 1908 1631 Flaminiam
1930 1574 2082 1631 viam
2111 1573 2441 1648 adsequitur

437 1672 742 1747 legionem,
773 1689 920 1747 quae
951 1690 983 1729 e
1022 1670 1323 1730 Pannonia
1363 1671 1423 1728 in
1458 1673 1681 1741 urbem,
1724 1671 1858 1729 dein
1893 1671 2177 1748 praesidio
2207 1670 2442 1729 Africae

364 1794 419 1843 15
440 1770 788 1828 ducebatur:
829 1787 1012 1844 eaque
1045 1787 1137 1827 res
1172 1770 1387 1844 agitata
1424 1770 1765 1841 rumoribus,
1800 1779 1862 1827 ut
1899 1769 1959 1827 in
1995 1769 2230 1844 agmine
2272 1779 2442 1844 atque

437 1868 637 1927 itinere
665 1868 867 1926 crebro
897 1885 957 1925 se
997 1866 1265 1925 militibus
1306 1867 1716 1926 ostentavisset.
1801 1869 1877 1925 ab
1906 1867 2143 1937 Narnia,
2174 1866 2442 1925 vitandae
2468 1878 2499 1922 2

439 1967 781 2043 suspicionis
824 1986 900 2025 an
942 1966 1076 2043 quia
1106 1965 1327 2042 pavidis
1363 1967 1604 2024 consilia
1642 1967 1703 2024 in
1745 1966 1963 2025 incerto
2008 1974 2155 2035 sunt,
2189 1965 2345 2023 Nare
2376 1985 2444 2024 ac

440 2083 580 2124 mox
629 2065 827 2123 Tiberi
869 2065 1137 2123 devectus
1193 2066 1348 2123 auxit
1390 2065 1544 2141 vulgi
1600 2065 1729 2137 iras,
1777 2065 1909 2142 quia
1958 2081 2164 2122 navem
2224 2064 2445 2122 tumulo

442 2163 762 2222 Caesarum
810 2162 1104 2240 adpulerat
1145 2161 1351 2237 dieque
1393 2173 1450 2221 et
1492 2164 1617 2239 ripa
1661 2162 1960 2239 frequenti,
2004 2179 2226 2237 magno
2270 2162 2443 2220 clien-

366 2286 427 2322 20
444 2264 586 2321 tium
634 2262 864 2337 agmine
917 2261 1058 2337 ipse,
1117 2260 1460 2318 feminarum
1510 2262 1784 2320 comitatu
1840 2260 2119 2318 Plancina
2175 2270 2233 2318 et
2294 2260 2450 2318 vultu

443 2362 660 2420 alacres
686 2360 992 2418 incessere.
1076 2358 1179 2416 fuit
1215 2359 1360 2416 inter
1396 2348 1761 2418 inritamenta
1804 2358 2049 2416 invidiae
2080 2359 2295 2417 domus
2326 2359 2452 2418 foro

444 2459 731 2517 inminens
772 2457 917 2516 festa
953 2466 1158 2517 ornatu
1195 2458 1635 2533 conviviumque
1677 2468 1734 2516 et
1773 2457 1976 2533 epulae
2021 2466 2078 2515 et
2119 2457 2449 2516 celebritate

443 2558 556 2616 loci
585 2556 721 2614 nihil
751 2556 1059 2615 occultum.

526 2662 625 2714 10.
669 2654 905 2713 Postera
960 2655 1050 2712 die
1106 2653 1396 2712 Fulcinius
1440 2652 1582 2712 Trio
1639 2652 1912 2711 Pisonem
1969 2653 2123 2729 apud
2183 2654 2450 2712 consules

370 2780 425 2827 25
447 2753 767 2831 postulavit.
852 2762 1053 2809 contra
1088 2751 1351 2809 Vitellius
1385 2769 1454 2809 ac
1487 2751 1772 2809 Veranius
1815 2750 2098 2826 ceterique
2145 2750 2450 2809 Germani·

448 2870 582 2910 cum
621 2849 876 2908 comitati
920 2849 1247 2918 tendebant,
1292 2849 1475 2907 nullas
1509 2867 1637 2907 esse
1671 2849 1843 2925 partis
1874 2849 2106 2919 Trioni3
2152 2867 2344 2925 neque
2388 2868 2450 2908 se

451 2958 828 3018 accusatoreS,
867 2948 969 3005 sed
1004 2963 1193 3004 rerum
1230 2946 1461 3033 indices.
1492 2955 1550 3005 et
1595 2956 1768 3006 testes
1810 2947 2083 3005 mandata
2113 2944 2452 3006 Germanici

450 3049 781 3124 perlaturos,
865 3044 957 3103 ille
1002 3044 1234 3103 dimissa
1289 3045 1411 3103 eius
1469 3064 1675 3104 causae
1733 3044 2030 3115 delatione,
2082 3054 2144 3102 ut
2197 3046 2452 3120 priorem
2476 3057 2503 3102 3

451 3148 626 3204 vitam
662 3153 954 3203 accusaret
995 3144 1251 3214 obtinuit,
1290 3144 1649 3220 petitumque
1687 3153 1774 3201 est
1804 3162 1838 3200 a
1876 3142 2132 3219 principe
2168 3144 2452 3218 cognitio-

372 3269 437 3315 30
453 3263 589 3301 nem
611 3243 911 3319 exciperet.
986 3241 1142 3316 quod
1171 3260 1245 3299 ne
1275 3260 1405 3300 reus
1435 3243 1669 3317 quidem
1706 3242 2008 3309 abnuebat,
2040 3238 2224 3321 studia
2252 3243 2452 3317 populi
2475 3258 2506 3303 4

453 3353 510 3400 et
546 3350 770 3417 patrum
812 3351 1112 3398 metuens:
1159 3348 1360 3398 contra
1403 3339 1703 3398 Tiberium
1747 3338 2086 3415 spernendis
2128 3340 2455 3398 rumoribus

454 3439 703 3496 validum
746 3447 802 3495 et
844 3438 1229 3497 conscientiae
1281 3438 1481 3496 matris
1531 3437 1807 3495 innexum
1857 3454 1984 3494 esse
1999 3454 2015 3507 3
2064 3453 2313 3510 veraque
2359 3440 2458 3495 aut

457 3537 518 3594 in
551 3536 794 3594 deterius
837 3537 1053 3595 credita
1094 3535 1278 3594 iudice
1324 3535 1399 3592 ab
1438 3552 1557 3592 uno
1601 3534 1819 3592 facilius
1862 3533 2120 3602 discerni,
2155 3533 2359 3591 odium
2402 3543 2460 3592 et
