2594 3925
388 264 411 301 1
428 264 450 301 1
467 262 496 302 2
830 251 1191 301 CORNELI!
1232 251 1323 300 TA
1334 251 1495 301 ειη
1527 252 1950 302 ANNALJUM
2020 240 2102 325 [A.
2112 263 2170 305 u.
2181 264 2232 306 c.
2265 265 2375 319 771·

379 410 615 469 consule
663 408 888 469 Africae
942 409 1228 487 legionem
1269 418 1327 467 et
1368 409 1526 485 quod
1583 410 1691 468 sub
1736 410 1911 486 signis
1968 412 2259 471 sociorum
2313 412 2373 471 in

376 511 558 566 un'um
592 509 910 567 conductos
943 507 1019 567 ad
1055 507 1285 566 hostem
1315 507 1494 578 duxit,
1523 508 1821 567 modicum
1863 527 2119 579 manum,
2150 511 2199 568 si
2226 510 2374 568 mul-

375 606 678 665 titudinem
704 605 1087 665 Numidarum
1128 614 1301 682 atque
1337 603 1678 663 Maurorum
1720 615 2043 683 spectares:
2088 607 2192 666 sed
2232 608 2375 666 nihil

375 723 556 781 aeque
584 705 884 764 cavebatur
911 722 1088 781 quam
1121 722 1196 761 ne
1236 702 1455 761 bellum
1493 712 1651 762 metu
1688 702 2017 763 eluderent:
2064 723 2166 781 spe
2195 706 2375 765 victo-

321 826 347 873 5
371 802 486 861 riae
531 803 748 861 inducti
796 812 928 861 sunt
975 810 1039 859 ut
1086 801 1462 859 vincerentur.
1545 800 1713 876 igitur
1759 801 1910 877 legio
1957 802 2167 875 medio,
2215 803 2372 863 leves
2401 810 2440 855 6

374 900 635 961 cohortes
663 902 925 977 duaeque
952 900 1074 958 alae
1113 899 1175 956 in
1215 898 1485 957 cornibus
1528 897 1803 958 locantur.
1888 918 1996 958 nec
2027 899 2374 961 Tacfarinas
2401 913 2435 961 7

373 1017 629 1076 pugnam
677 999 1018 1057 detrectavit.
1100 997 1211 1055 fusi
1266 995 1577 1068 Numidae,
1621 998 1947 1077 multosque
1996 1009 2129 1074 post
2184 1018 2377 1059 annos

371 1096 542 1157 Furio
569 1096 792 1155 nomini
820 1105 1047 1173 partum
1077 1096 1255 1154 decus
1284 1094 1536 1154 militiae.
1621 1111 1761 1154 nam
1798 1106 1935 1172 post
1966 1097 2126 1155 illum
2151 1098 2374 1173 recipe·
2403 1107 2440 1151 8

368 1205 616 1254 ratorem
654 1195 808 1253 urbis
852 1194 1146 1270 filiumque
1190 1194 1333 1252 eius·
1358 1193 1668 1253 Camillum
1712 1213 1893 1271 penes
1935 1194 2076 1254 alias
2127 1194 2376 1255 familias

296 1317 353 1351 10
369 1293 731 1369 imperatoria
767 1293 894 1351 laus
933 1291 1146 1364 fuerat;
1189 1300 1362 1368 atque
1404 1292 1499 1351 hic
1537 1311 1710 1369 quem
1751 1310 2145 1352 memoramus
2187 1294 2372 1352 bello-

368 1410 499 1449 rum
535 1408 738 1466 expers
773 1389 1104 1448 habebatur.
1138 1402 1140 1405 ’
1189 1408 1261 1448 eo
1297 1390 1536 1465 pronior
1557 1389 1825 1449 Tiberius
1863 1408 1954 1448 res
1986 1400 2179 1467 gestas
2212 1391 2375 1467 apud
2400 1401 2437 1445 9

370 1498 634 1547 senatum
661 1488 1000 1559 celebravit3
1041 1496 1098 1545 et
1134 1487 1436 1547 decrevere
1472 1496 1663 1563 patres
1701 1488 2065 1565 triumphalia
2101 1489 2371 1565 insignia,

369 1587 526 1663 quod
557 1586 803 1645 Camillo
832 1586 911 1645 ob
937 1585 1283 1645 modestiam
1310 1586 1457 1645 vitae
1487 1586 1723 1662 impune
1750 1585 1869 1644 fuit.

450 1691 551 1744 53.
596 1684 857 1761 Sequens
898 1701 1087 1743 annus
1129 1684 1429 1742 Tiberium
1477 1684 1663 1755 tertio,
1708 1684 2119 1744 Germanicum
2161 1686 2375 1745 iterum

296 1806 348 1855 ¹5
368 1783 637 1842 consules
675 1783 888 1842 habuit.
973 1782 1076 1840 sed
1111 1799 1248 1840 eum
1289 1781 1573 1840 honorem
1618 1781 2001 1840 Germanicus
2043 1782 2169 1841 iniit
2212 1784 2383 1860 apud-

369 1882 568 1939 urbem
595 1881 854 1940 Achaiae
899 1880 1251 1955 Nicopolim,
1288 1897 1408 1956 quo
1443 1889 1671 1937 venerat
1713 1899 1815 1956 per
1856 1879 2143 1956 Illyricam
2185 1899 2374 1953 oram,

368 1980 491 2039 viso
520 1980 687 2039 fratre
715 1981 907 2038 Druso
936 1980 997 2036 in
1024 1979 1317 2037 Dehnatia
1345 1986 1569 2054 agente,
1599 1977 1920 2037 Hadriatici
1948 1997 2017 2036 ac
2046 1996 2187 2037 mox
2217 1979 2376 2038 Ionii

367 2080 539 2137 maris
580 2079 878 2137 adversam
920 2077 1345 2153 navigationem
1387 2093 1710 2152 perpessus,
1794 2077 1964 2152 igitur
1996 2094 2219 2151 paucos
2243 2077 2374 2137 dies
2405 2090 2444 2135 2

367 2177 675 2253 insumpsit
706 2175 1049 2235 reficiendae
1093 2174 1296 2233 classi:
1342 2174 1513 2233 simul
1554 2175 1712 2233 sinus
1740 2173 1983 2233 Actiaca
2009 2175 2244 2233 victoria
2281 2176 2375 2233 in·-

289 2297 350 2331 20
366 2274 554 2333 elutos
597 2284 653 2333 et
701 2284 949 2333 sacratas
992 2274 1067 2331 ab
1113 2273 1378 2349 Augusto
1433 2272 1735 2330 manubias
1786 2281 2083 2348 castraque
2125 2272 2375 2332 An'tonii

367 2390 503 2430 cum
530 2373 925 2431 recordatione
953 2371 1238 2429 maiorum
1267 2388 1503 2428 suorum
1536 2369 1692 2429 adiit.
1775 2388 2029 2446 namque
2057 2371 2127 2440 ei,
2156 2380 2224 2445 ut
2248 2390 2373 2430 me·
2403 2387 2444 2432 3

367 2471 604 2540 moravi,
651 2471 963 2529 avunculus
1006 2468 1323 2546 Augustus,
1370 2486 1509 2526 avus
1554 2468 1843 2527 Antonius
1900 2477 2078 2539 erant,
2123 2487 2369 2545 magna-

366 2584 481 2642 que
509 2566 623 2625 illic
650 2567 844 2644 imago
872 2567 1114 2625 tristium
1150 2567 1560 2647 laetorumque.
1647 2565 1781 2624 hinc
1820 2575 2054 2623 ventum
2089 2565 2373 2639 AthenaS‚

368 2663 696 2740 foederique
752 2665 944 2723 sociae
999 2675 1057 2723 et
1110 2673 1363 2723 vetustae
1419 2663 1598 2722 urbis'
1631 2663 1829 2722 datum
1885 2672 1949 2721 ut
2001 2681 2121 2723 uno
2169 2663 2373 2723 lictore

291 2784 349 2834 25
369 2771 636 2820 uteretur.
717 2779 996 2836 excepere
1047 2760 1256 2820 Graeci
1304 2761 1741 2837 quaesitissimis
1796 2761 2128 2832 honoribuS,
2178 2771 2373 2821 vetera
2400 2780 2446 2826 4

368 2876 605 2917 suorum
669 2859 821 2916 facta
884 2859 1146 2934 dictaque
1200 2858 1601 2935 praeferenteS,
1658 2876 1777 2933 quo
1834 2858 1961 2934 plus
2020 2858 2374 2934 dignationis

369 2956 624 3016 adulatio
652 2956 902 3014 haberet.

452 3060 556 3114 54.
599 3054 781 3112 Petita
835 3054 970 3112 inde
1029 3053 1274 3112 Euboea
1315 3052 1558 3111 tramisit
1594 3051 1868 3124 Lesbum,
1908 3053 2007 3111 ubi
2049 3052 2376 3130 Agrippina

369 3153 683 3211 novissimo
727 3160 892 3228 partu
935 3151 1142 3209 Iuliam
1190 3150 1384 3209 edidit.
1467 3159 1595 3208 tum
1642 3161 1898 3209 extrema
1945 3150 2119 3210 Asiae
2175 3151 2375 3209 Perin-
2401 3169 2447 3215 2

293 3274 355 3321 30
371 3251 650 3327 thum'que
698 3268 767 3308 ac
809 3248 1166 3324 Byzantium,
1208 3248 1525 3308 Thraecias
1580 3249 1768 3318 urbeS‚
1817 3266 1955 3306 mox
1998 3248 2375 3325 Propontidis

372 3349 666 3424 angustias
713 3357 771 3406 et
819 3364 888 3405 os
936 3345 1244 3405 Ponticum
1291 3347 1474 3418 intrat,
1521 3345 1788 3422 cupidine
1839 3354 2055 3403 veteres
2104 3345 2265 3404 locos
2313 3356 2378 3405 et

354 3445 527 3502 ‘fama
556 3444 869 3502 celebratos
897 3443 1212 3502 noscendi:
1256 3444 1578 3519 pariterque
1617 3441 1942 3518 provincias
1978 3443 2214 3500 internis
2250 3460 2375 3500 cer-

373 3542 684 3600 taminibus
725 3550 823 3598 aut
863 3541 1294 3616 magistratuum
1341 3539 1553 3597 iniuriis
1597 3538 1777 3596 fessas
1806 3537 2123 3618 refovebat.
2200 3549 2377 3615 atque
2404 3563 2446 3608 8
