<?xml version="1.0" encoding="UTF-8"?>
<!DOCTYPE html PUBLIC "-//W3C//DTD XHTML 1.0 Transitional//EN"
    "http://www.w3.org/TR/xhtml1/DTD/xhtml1-transitional.dtd">
<html xmlns="http://www.w3.org/1999/xhtml" xml:lang="en" lang="en">
 <head>
  <title>
</title>
<meta http-equiv="Content-Type" content="text/html;charset=utf-8" />
  <meta name='ocr-system' content='tesseract 3.04.00' />
  <meta name='ocr-capabilities' content='ocr_page ocr_carea ocr_par ocr_line ocrx_word'/>
</head>
<body>
  <div class='ocr_page' id='page_1' title='image "./annalium00tacigoog_0062.png"; bbox 0 0 2594 3925; ppageno 0'>
   <div class='ocr_carea' id='block_1_1' title="bbox 371 195 2376 278">
    <p class='ocr_par' dir='ltr' id='par_1_1' title="bbox 371 195 2376 278">
     <span class='ocr_line' id='line_1_1' title="bbox 371 195 2376 278; baseline 0.001 -25"><span class='ocrx_word' id='word_1_1' title='bbox 371 198 447 267; x_wconf 85' lang='lat'>48</span> <span class='ocrx_word' id='word_1_2' title='bbox 803 205 1167 256; x_wconf 82' lang='lat' dir='ltr'><em>CORNELII</em></span> <span class='ocrx_word' id='word_1_3' title='bbox 1205 206 1297 257; x_wconf 78' lang='lat' dir='ltr'>TA</span> <span class='ocrx_word' id='word_1_4' title='bbox 1308 206 1471 256; x_wconf 72' lang='grc' dir='ltr'>ειη</span> <span class='ocrx_word' id='word_1_5' title='bbox 1502 206 1922 257; x_wconf 74' lang='lat' dir='ltr'><em>ANNALJUM</em></span> <span class='ocrx_word' id='word_1_6' title='bbox 2013 195 2225 278; x_wconf 37' lang='lat' dir='ltr'>[amc.</span> <span class='ocrx_word' id='word_1_7' title='bbox 2255 206 2376 270; x_wconf 78' lang='lat'>767.</span> 
     </span>
    </p>
   </div>
   <div class='ocr_carea' id='block_1_2' title="bbox 290 365 2448 3606">
    <p class='ocr_par' dir='ltr' id='par_1_2' title="bbox 290 365 2448 2915">
     <span class='ocr_line' id='line_1_2' title="bbox 372 365 2443 447; baseline -0.001 -23"><span class='ocrx_word' id='word_1_8' title='bbox 372 373 653 439; x_wconf 88' lang='lat' dir='ltr'>posteros.</span> <span class='ocrx_word' id='word_1_9' title='bbox 736 366 924 443; x_wconf 89' lang='lat' dir='ltr'>legata</span> <span class='ocrx_word' id='word_1_10' title='bbox 951 385 1072 426; x_wconf 89' lang='lat' dir='ltr'>non</span> <span class='ocrx_word' id='word_1_11' title='bbox 1100 366 1245 426; x_wconf 89' lang='lat' dir='ltr'>ultra</span> <span class='ocrx_word' id='word_1_12' title='bbox 1272 366 1499 426; x_wconf 89' lang='lat' dir='ltr'>civilem</span> <span class='ocrx_word' id='word_1_13' title='bbox 1526 366 1788 439; x_wconf 88' lang='lat' dir='ltr'>modum,</span> <span class='ocrx_word' id='word_1_14' title='bbox 1817 368 1928 427; x_wconf 91' lang='lat' dir='ltr'>nisi</span> <span class='ocrx_word' id='word_1_15' title='bbox 1964 366 2123 444; x_wconf 89' lang='lat' dir='ltr'>quod</span> <span class='ocrx_word' id='word_1_16' title='bbox 2150 365 2378 447; x_wconf 63' lang='lat' dir='ltr'>populo</span> <span class='ocrx_word' id='word_1_17' title='bbox 2405 376 2443 422; x_wconf 77' lang='lat'><strong>8</strong></span> 
     </span>
     <span class='ocr_line' id='line_1_3' title="bbox 370 446 2380 544; baseline 0.001 -24"><span class='ocrx_word' id='word_1_18' title='bbox 370 471 429 520; x_wconf 91' lang='lat' dir='ltr'>et</span> <span class='ocrx_word' id='word_1_19' title='bbox 481 463 636 539; x_wconf 93' lang='lat' dir='ltr'>plebi</span> <span class='ocrx_word' id='word_1_20' title='bbox 691 466 1200 543; x_wconf 87' lang='lat' dir='ltr'>quadringentiens</span> <span class='ocrx_word' id='word_1_21' title='bbox 1253 467 1486 526; x_wconf 85' lang='lat' dir='ltr'>triciens</span> <span class='ocrx_word' id='word_1_22' title='bbox 1541 467 1907 544; x_wconf 89' lang='lat' dir='ltr'>quinquiens,</span> <span class='ocrx_word' id='word_1_23' title='bbox 1957 446 2380 542; x_wconf 60' lang='lat' dir='ltr'>praetoriarum</span> 
     </span>
     <span class='ocr_line' id='line_1_4' title="bbox 367 561 2377 642; baseline 0 -22"><span class='ocrx_word' id='word_1_24' title='bbox 367 561 694 623; x_wconf 86' lang='lat' dir='ltr'>cohortium</span> <span class='ocrx_word' id='word_1_25' title='bbox 749 564 1021 625; x_wconf 88' lang='lat' dir='ltr'>militibus</span> <span class='ocrx_word' id='word_1_26' title='bbox 1071 564 1297 642; x_wconf 86' lang='lat' dir='ltr'>singula</span> <span class='ocrx_word' id='word_1_27' title='bbox 1345 584 1652 625; x_wconf 90' lang='lat' dir='ltr'>nummum</span> <span class='ocrx_word' id='word_1_28' title='bbox 1699 564 1874 636; x_wconf 88' lang='lat' dir='ltr'>milia,</span> <span class='ocrx_word' id='word_1_29' title='bbox 1924 564 2161 622; x_wconf 73' lang='lat' dir='ltr'>urbanis</span> <span class='ocrx_word' id='word_1_30' title='bbox 2205 566 2377 639; x_wconf 78' lang='lat' dir='ltr'>quin-</span> 
     </span>
     <span class='ocr_line' id='line_1_5' title="bbox 358 663 2378 741; baseline 0 -21"><span class='ocrx_word' id='word_1_31' title='bbox 358 681 540 737; x_wconf 82' lang='lat' dir='ltr'>genos,</span> <span class='ocrx_word' id='word_1_32' title='bbox 573 663 898 741; x_wconf 86' lang='lat' dir='ltr'>legionariis</span> <span class='ocrx_word' id='word_1_33' title='bbox 925 673 1024 723; x_wconf 90' lang='lat' dir='ltr'>aut</span> <span class='ocrx_word' id='word_1_34' title='bbox 1051 663 1387 723; x_wconf 90' lang='lat' dir='ltr'>cohortibus</span> <span class='ocrx_word' id='word_1_35' title='bbox 1422 665 1636 725; x_wconf 88' lang='lat' dir='ltr'>civium</span> <span class='ocrx_word' id='word_1_36' title='bbox 1664 664 2073 724; x_wconf 89' lang='lat' dir='ltr'>Romanorum</span> <span class='ocrx_word' id='word_1_37' title='bbox 2102 673 2378 722; x_wconf 88' lang='lat' dir='ltr'>trecenos</span> 
     </span>
     <span class='ocr_line' id='line_1_6' title="bbox 315 760 2448 831; baseline -0 -14"><span class='ocrx_word' id='word_1_38' title='bbox 315 782 341 829; x_wconf 82' lang='lat'>5</span> <span class='ocrx_word' id='word_1_39' title='bbox 366 778 638 821; x_wconf 89' lang='lat' dir='ltr'>nummos</span> <span class='ocrx_word' id='word_1_40' title='bbox 684 762 889 821; x_wconf 89' lang='lat' dir='ltr'>viritim</span> <span class='ocrx_word' id='word_1_41' title='bbox 929 761 1100 821; x_wconf 87' lang='lat' dir='ltr'>dedit.</span> <span class='ocrx_word' id='word_1_42' title='bbox 1176 772 1304 821; x_wconf 89' lang='lat' dir='ltr'>tum</span> <span class='ocrx_word' id='word_1_43' title='bbox 1355 763 1743 823; x_wconf 90' lang='lat' dir='ltr'>consultatum</span> <span class='ocrx_word' id='word_1_44' title='bbox 1785 762 1861 821; x_wconf 88' lang='lat' dir='ltr'>de</span> <span class='ocrx_word' id='word_1_45' title='bbox 1901 760 2221 820; x_wconf 89' lang='lat' dir='ltr'>honoribus</span> <span class='ocrx_word' id='word_1_46' title='bbox 2236 778 2254 831; x_wconf 83' lang='lat'><em>3</em></span> <span class='ocrx_word' id='word_1_47' title='bbox 2299 778 2380 818; x_wconf 84' lang='lat' dir='ltr'>ex</span> <span class='ocrx_word' id='word_1_48' title='bbox 2405 769 2448 816; x_wconf 77' lang='lat'><em>4</em></span> 
     </span>
     <span class='ocr_line' id='line_1_7' title="bbox 368 859 2380 938; baseline -0 -21"><span class='ocrx_word' id='word_1_49' title='bbox 368 860 496 936; x_wconf 92' lang='lat' dir='ltr'>quis</span> <span class='ocrx_word' id='word_1_50' title='bbox 532 863 636 936; x_wconf 76' lang='lat' dir='ltr'>qui</span> <span class='ocrx_word' id='word_1_51' title='bbox 660 861 914 920; x_wconf 86' lang='lat' dir='ltr'>maxime</span> <span class='ocrx_word' id='word_1_52' title='bbox 947 861 1203 937; x_wconf 86' lang='lat' dir='ltr'>insignes</span> <span class='ocrx_word' id='word_1_53' title='bbox 1241 861 1362 928; x_wconf 89' lang='lat' dir='ltr'>visi,</span> <span class='ocrx_word' id='word_1_54' title='bbox 1391 871 1456 921; x_wconf 89' lang='lat' dir='ltr'>ut</span> <span class='ocrx_word' id='word_1_55' title='bbox 1493 871 1662 938; x_wconf 86' lang='lat' dir='ltr'>porta</span> <span class='ocrx_word' id='word_1_56' title='bbox 1698 859 2028 937; x_wconf 86' lang='lat' dir='ltr'>triumphali</span> <span class='ocrx_word' id='word_1_57' title='bbox 2069 859 2380 917; x_wconf 87' lang='lat' dir='ltr'>duceretur</span> 
     </span>
     <span class='ocr_line' id='line_1_8' title="bbox 367 956 2378 1037; baseline 0 -22"><span class='ocrx_word' id='word_1_58' title='bbox 367 957 556 1031; x_wconf 82' lang='lat' dir='ltr'>funuS,</span> <span class='ocrx_word' id='word_1_59' title='bbox 601 959 802 1019; x_wconf 79' lang='lat' dir='ltr'>Gallus</span> <span class='ocrx_word' id='word_1_60' title='bbox 844 959 1097 1030; x_wconf 89' lang='lat' dir='ltr'>Asinius,</span> <span class='ocrx_word' id='word_1_61' title='bbox 1142 969 1206 1019; x_wconf 92' lang='lat' dir='ltr'>ut</span> <span class='ocrx_word' id='word_1_62' title='bbox 1249 958 1448 1037; x_wconf 88' lang='lat' dir='ltr'>legum</span> <span class='ocrx_word' id='word_1_63' title='bbox 1488 959 1736 1020; x_wconf 87' lang='lat' dir='ltr'>latarum</span> <span class='ocrx_word' id='word_1_64' title='bbox 1777 960 1937 1032; x_wconf 89' lang='lat' dir='ltr'>tituli,</span> <span class='ocrx_word' id='word_1_65' title='bbox 1977 959 2254 1018; x_wconf 88' lang='lat' dir='ltr'>victarum</span> <span class='ocrx_word' id='word_1_66' title='bbox 2297 956 2378 1016; x_wconf 92' lang='lat' dir='ltr'>ab</span> 
     </span>
     <span class='ocr_line' id='line_1_9' title="bbox 366 1052 2376 1134; baseline 0 -18"><span class='ocrx_word' id='word_1_67' title='bbox 366 1075 437 1117; x_wconf 94' lang='lat' dir='ltr'>eo</span> <span class='ocrx_word' id='word_1_68' title='bbox 483 1060 743 1134; x_wconf 88' lang='lat' dir='ltr'>gentium</span> <span class='ocrx_word' id='word_1_69' title='bbox 790 1052 1074 1119; x_wconf 88' lang='lat' dir='ltr'>vocabula</span> <span class='ocrx_word' id='word_1_70' title='bbox 1126 1059 1559 1133; x_wconf 78' lang='lat' dir='ltr'>anteferrentur,</span> <span class='ocrx_word' id='word_1_71' title='bbox 1602 1059 1672 1120; x_wconf 89' lang='lat' dir='ltr'>L.</span> <span class='ocrx_word' id='word_1_72' title='bbox 1715 1059 2023 1119; x_wconf 90' lang='lat' dir='ltr'>Arruntius</span> <span class='ocrx_word' id='word_1_73' title='bbox 2076 1076 2376 1118; x_wconf 87' lang='lat' dir='ltr'>censuere.</span> 
     </span>
     <span class='ocr_line' id='line_1_10' title="bbox 363 1155 2446 1241; baseline 0 -27"><span class='ocrx_word' id='word_1_74' title='bbox 363 1155 614 1216; x_wconf 85' lang='lat' dir='ltr'>addebat</span> <span class='ocrx_word' id='word_1_75' title='bbox 670 1156 948 1216; x_wconf 82' lang='lat' dir='ltr'>Messalla</span> <span class='ocrx_word' id='word_1_76' title='bbox 996 1156 1262 1218; x_wconf 87' lang='lat' dir='ltr'>Valerius</span> <span class='ocrx_word' id='word_1_77' title='bbox 1320 1159 1723 1218; x_wconf 90' lang='lat' dir='ltr'>renovandum</span> <span class='ocrx_word' id='word_1_78' title='bbox 1775 1177 1882 1241; x_wconf 85' lang='lat' dir='ltr'>per</span> <span class='ocrx_word' id='word_1_79' title='bbox 1937 1176 2125 1217; x_wconf 90' lang='lat' dir='ltr'>annos</span> <span class='ocrx_word' id='word_1_80' title='bbox 2181 1175 2376 1216; x_wconf 88' lang='lat' dir='ltr'>sacra·</span> <span class='ocrx_word' id='word_1_81' title='bbox 2403 1168 2446 1214; x_wconf 73' lang='lat'>5</span> 
     </span>
     <span class='ocr_line' id='line_1_11' title="bbox 290 1255 2373 1336; baseline 0 -24"><span class='ocrx_word' id='word_1_82' title='bbox 290 1276 349 1312; x_wconf 89' lang='lat'>10</span> <span class='ocrx_word' id='word_1_83' title='bbox 366 1266 626 1315; x_wconf 90' lang='lat' dir='ltr'>mentum</span> <span class='ocrx_word' id='word_1_84' title='bbox 666 1257 728 1314; x_wconf 90' lang='lat' dir='ltr'>in</span> <span class='ocrx_word' id='word_1_85' title='bbox 768 1275 986 1317; x_wconf 91' lang='lat' dir='ltr'>nomen</span> <span class='ocrx_word' id='word_1_86' title='bbox 1027 1255 1283 1330; x_wconf 82' lang='lat' dir='ltr'>Tiberii3</span> <span class='ocrx_word' id='word_1_87' title='bbox 1328 1259 1826 1336; x_wconf 88' lang='lat' dir='ltr'>interrogatusque</span> <span class='ocrx_word' id='word_1_88' title='bbox 1869 1276 1906 1317; x_wconf 90' lang='lat' dir='ltr'>a</span> <span class='ocrx_word' id='word_1_89' title='bbox 1947 1257 2187 1316; x_wconf 92' lang='lat' dir='ltr'>Tiberio</span> <span class='ocrx_word' id='word_1_90' title='bbox 2227 1273 2373 1314; x_wconf 90' lang='lat' dir='ltr'>num</span> 
     </span>
     <span class='ocr_line' id='line_1_12' title="bbox 365 1354 2372 1434; baseline -0.001 -20"><span class='ocrx_word' id='word_1_91' title='bbox 365 1370 430 1414; x_wconf 90' lang='lat' dir='ltr'>se</span> <span class='ocrx_word' id='word_1_92' title='bbox 463 1354 777 1414; x_wconf 87' lang='lat' dir='ltr'>mandante</span> <span class='ocrx_word' id='word_1_93' title='bbox 812 1373 944 1414; x_wconf 90' lang='lat' dir='ltr'>eam</span> <span class='ocrx_word' id='word_1_94' title='bbox 977 1356 1322 1415; x_wconf 88' lang='lat' dir='ltr'>sententiam</span> <span class='ocrx_word' id='word_1_95' title='bbox 1355 1358 1753 1434; x_wconf 89' lang='lat' dir='ltr'>prompsisset,</span> <span class='ocrx_word' id='word_1_96' title='bbox 1783 1365 1995 1432; x_wconf 91' lang='lat' dir='ltr'>sponte</span> <span class='ocrx_word' id='word_1_97' title='bbox 2030 1354 2244 1414; x_wconf 86' lang='lat' dir='ltr'>dixisse</span> <span class='ocrx_word' id='word_1_98' title='bbox 2279 1371 2372 1412; x_wconf 90' lang='lat' dir='ltr'>re-</span> 
     </span>
     <span class='ocr_line' id='line_1_13' title="bbox 365 1454 2369 1534; baseline -0.001 -20"><span class='ocrx_word' id='word_1_99' title='bbox 365 1454 613 1530; x_wconf 83' lang='lat' dir='ltr'>spondit,</span> <span class='ocrx_word' id='word_1_100' title='bbox 643 1472 835 1531; x_wconf 90' lang='lat' dir='ltr'>neque</span> <span class='ocrx_word' id='word_1_101' title='bbox 867 1455 929 1512; x_wconf 91' lang='lat' dir='ltr'>in</span> <span class='ocrx_word' id='word_1_102' title='bbox 962 1455 1031 1514; x_wconf 93' lang='lat' dir='ltr'>iis</span> <span class='ocrx_word' id='word_1_103' title='bbox 1061 1473 1210 1532; x_wconf 85' lang='lat' dir='ltr'>quae</span> <span class='ocrx_word' id='word_1_104' title='bbox 1239 1455 1317 1515; x_wconf 90' lang='lat' dir='ltr'>ad</span> <span class='ocrx_word' id='word_1_105' title='bbox 1357 1475 1478 1516; x_wconf 88' lang='lat' dir='ltr'>rem</span> <span class='ocrx_word' id='word_1_106' title='bbox 1508 1457 1799 1534; x_wconf 87' lang='lat' dir='ltr'>publicam</span> <span class='ocrx_word' id='word_1_107' title='bbox 1841 1455 2191 1531; x_wconf 88' lang='lat' dir='ltr'>pertinerent</span> <span class='ocrx_word' id='word_1_108' title='bbox 2227 1470 2369 1511; x_wconf 90' lang='lat' dir='ltr'>con·</span> 
     </span>
     <span class='ocr_line' id='line_1_14' title="bbox 365 1550 2373 1632; baseline -0.001 -21"><span class='ocrx_word' id='word_1_109' title='bbox 365 1551 492 1612; x_wconf 91' lang='lat' dir='ltr'>silio</span> <span class='ocrx_word' id='word_1_110' title='bbox 531 1553 641 1612; x_wconf 91' lang='lat' dir='ltr'>nisi</span> <span class='ocrx_word' id='word_1_111' title='bbox 674 1571 781 1612; x_wconf 91' lang='lat' dir='ltr'>suo</span> <span class='ocrx_word' id='word_1_112' title='bbox 816 1572 1074 1625; x_wconf 90' lang='lat' dir='ltr'>usurum,</span> <span class='ocrx_word' id='word_1_113' title='bbox 1112 1555 1201 1614; x_wconf 84' lang='lat' dir='ltr'>vel</span> <span class='ocrx_word' id='word_1_114' title='bbox 1245 1573 1380 1614; x_wconf 91' lang='lat' dir='ltr'>cum</span> <span class='ocrx_word' id='word_1_115' title='bbox 1423 1555 1679 1632; x_wconf 91' lang='lat' dir='ltr'>periculo</span> <span class='ocrx_word' id='word_1_116' title='bbox 1718 1554 2092 1614; x_wconf 84' lang='lat' dir='ltr'>offensionis:</span> <span class='ocrx_word' id='word_1_117' title='bbox 2136 1570 2205 1611; x_wconf 91' lang='lat' dir='ltr'>ea</span> <span class='ocrx_word' id='word_1_118' title='bbox 2247 1550 2373 1611; x_wconf 91' lang='lat' dir='ltr'>sola</span> 
     </span>
     <span class='ocr_line' id='line_1_15' title="bbox 366 1649 2448 1730; baseline -0.002 -20"><span class='ocrx_word' id='word_1_119' title='bbox 366 1651 592 1726; x_wconf 87' lang='lat' dir='ltr'>species</span> <span class='ocrx_word' id='word_1_120' title='bbox 645 1651 917 1711; x_wconf 82' lang='lat' dir='ltr'>adulandi</span> <span class='ocrx_word' id='word_1_121' title='bbox 965 1663 1273 1730; x_wconf 86' lang='lat' dir='ltr'>supererat.</span> <span class='ocrx_word' id='word_1_122' title='bbox 1349 1654 1721 1714; x_wconf 90' lang='lat' dir='ltr'>conclamant</span> <span class='ocrx_word' id='word_1_123' title='bbox 1774 1662 1967 1730; x_wconf 88' lang='lat' dir='ltr'>patres</span> <span class='ocrx_word' id='word_1_124' title='bbox 2023 1668 2238 1727; x_wconf 91' lang='lat' dir='ltr'>corpus</span> <span class='ocrx_word' id='word_1_125' title='bbox 2297 1649 2373 1708; x_wconf 90' lang='lat' dir='ltr'>ad</span> <span class='ocrx_word' id='word_1_126' title='bbox 2401 1657 2448 1703; x_wconf 76' lang='grc'><strong>6</strong></span> 
     </span>
     <span class='ocr_line' id='line_1_16' title="bbox 291 1748 2373 1826; baseline 0 -19"><span class='ocrx_word' id='word_1_127' title='bbox 291 1770 346 1820; x_wconf 86' lang='lat'>¹5</span> <span class='ocrx_word' id='word_1_128' title='bbox 366 1767 575 1826; x_wconf 89' lang='lat' dir='ltr'>rogum</span> <span class='ocrx_word' id='word_1_129' title='bbox 628 1751 839 1810; x_wconf 90' lang='lat' dir='ltr'>umeris</span> <span class='ocrx_word' id='word_1_130' title='bbox 893 1761 1221 1812; x_wconf 89' lang='lat' dir='ltr'>senatorum</span> <span class='ocrx_word' id='word_1_131' title='bbox 1270 1752 1591 1813; x_wconf 88' lang='lat' dir='ltr'>ferendum.</span> <span class='ocrx_word' id='word_1_132' title='bbox 1661 1752 1881 1811; x_wconf 90' lang='lat' dir='ltr'>remisit</span> <span class='ocrx_word' id='word_1_133' title='bbox 1937 1749 2154 1810; x_wconf 87' lang='lat' dir='ltr'>Caesar</span> <span class='ocrx_word' id='word_1_134' title='bbox 2200 1748 2373 1808; x_wconf 88' lang='lat' dir='ltr'>adro·</span> 
     </span>
     <span class='ocr_line' id='line_1_17' title="bbox 365 1850 2373 1928; baseline -0.001 -20"><span class='ocrx_word' id='word_1_135' title='bbox 365 1850 525 1925; x_wconf 87' lang='lat' dir='ltr'>ganti</span> <span class='ocrx_word' id='word_1_136' title='bbox 566 1850 980 1921; x_wconf 88' lang='lat' dir='ltr'>moderatione,</span> <span class='ocrx_word' id='word_1_137' title='bbox 1009 1851 1412 1928; x_wconf 91' lang='lat' dir='ltr'>populumque</span> <span class='ocrx_word' id='word_1_138' title='bbox 1450 1852 1641 1910; x_wconf 93' lang='lat' dir='ltr'>edicto</span> <span class='ocrx_word' id='word_1_139' title='bbox 1679 1850 1905 1910; x_wconf 89' lang='lat' dir='ltr'>monuit</span> <span class='ocrx_word' id='word_1_140' title='bbox 1944 1868 2035 1921; x_wconf 87' lang='lat' dir='ltr'>ne,</span> <span class='ocrx_word' id='word_1_141' title='bbox 2078 1857 2142 1907; x_wconf 90' lang='lat' dir='ltr'>ut</span> <span class='ocrx_word' id='word_1_142' title='bbox 2180 1866 2373 1924; x_wconf 89' lang='lat' dir='ltr'>quon-</span> 
     </span>
     <span class='ocr_line' id='line_1_18' title="bbox 366 1947 2373 2025; baseline 0 -18"><span class='ocrx_word' id='word_1_143' title='bbox 366 1947 503 2008; x_wconf 90' lang='lat' dir='ltr'>dam</span> <span class='ocrx_word' id='word_1_144' title='bbox 541 1949 736 2009; x_wconf 91' lang='lat' dir='ltr'>nimiis</span> <span class='ocrx_word' id='word_1_145' title='bbox 774 1949 975 2009; x_wconf 88' lang='lat' dir='ltr'>studiis</span> <span class='ocrx_word' id='word_1_146' title='bbox 1009 1948 1179 2009; x_wconf 89' lang='lat' dir='ltr'>funus</span> <span class='ocrx_word' id='word_1_147' title='bbox 1216 1949 1328 2009; x_wconf 90' lang='lat' dir='ltr'>divi</span> <span class='ocrx_word' id='word_1_148' title='bbox 1367 1949 1496 2009; x_wconf 90' lang='lat' dir='ltr'>Iulii</span> <span class='ocrx_word' id='word_1_149' title='bbox 1533 1950 1877 2021; x_wconf 89' lang='lat' dir='ltr'>turbassent,</span> <span class='ocrx_word' id='word_1_150' title='bbox 1919 1949 1999 2007; x_wconf 92' lang='lat' dir='ltr'>ita</span> <span class='ocrx_word' id='word_1_151' title='bbox 2039 1948 2373 2025; x_wconf 89' lang='lat' dir='ltr'>Augustum</span> 
     </span>
     <span class='ocr_line' id='line_1_19' title="bbox 365 2046 2374 2126; baseline 0 -21"><span class='ocrx_word' id='word_1_152' title='bbox 365 2046 427 2105; x_wconf 89' lang='lat' dir='ltr'>in</span> <span class='ocrx_word' id='word_1_153' title='bbox 470 2047 597 2107; x_wconf 92' lang='lat' dir='ltr'>foro</span> <span class='ocrx_word' id='word_1_154' title='bbox 639 2049 831 2125; x_wconf 90' lang='lat' dir='ltr'>potius</span> <span class='ocrx_word' id='word_1_155' title='bbox 873 2067 1051 2126; x_wconf 88' lang='lat' dir='ltr'>quam</span> <span class='ocrx_word' id='word_1_156' title='bbox 1090 2049 1152 2108; x_wconf 90' lang='lat' dir='ltr'>in</span> <span class='ocrx_word' id='word_1_157' title='bbox 1195 2067 1409 2126; x_wconf 90' lang='lat' dir='ltr'>campo</span> <span class='ocrx_word' id='word_1_158' title='bbox 1452 2048 1681 2121; x_wconf 82' lang='lat' dir='ltr'>MartiS,</span> <span class='ocrx_word' id='word_1_159' title='bbox 1724 2047 1863 2107; x_wconf 87' lang='lat' dir='ltr'>sede</span> <span class='ocrx_word' id='word_1_160' title='bbox 1907 2046 2203 2117; x_wconf 88' lang='lat' dir='ltr'>destinata,</span> <span class='ocrx_word' id='word_1_161' title='bbox 2249 2064 2374 2106; x_wconf 90' lang='lat' dir='ltr'>cre-</span> 
     </span>
     <span class='ocr_line' id='line_1_20' title="bbox 366 2145 2444 2222; baseline 0 -19"><span class='ocrx_word' id='word_1_162' title='bbox 366 2147 511 2204; x_wconf 88' lang='lat' dir='ltr'>mari</span> <span class='ocrx_word' id='word_1_163' title='bbox 569 2147 792 2207; x_wconf 87' lang='lat' dir='ltr'>vellent.</span> <span class='ocrx_word' id='word_1_164' title='bbox 893 2148 986 2207; x_wconf 92' lang='lat' dir='ltr'>die</span> <span class='ocrx_word' id='word_1_165' title='bbox 1047 2147 1261 2207; x_wconf 85' lang='lat' dir='ltr'>funeris</span> <span class='ocrx_word' id='word_1_166' title='bbox 1321 2148 1529 2207; x_wconf 90' lang='lat' dir='ltr'>milites</span> <span class='ocrx_word' id='word_1_167' title='bbox 1587 2146 1739 2206; x_wconf 89' lang='lat' dir='ltr'>velut</span> <span class='ocrx_word' id='word_1_168' title='bbox 1798 2145 2087 2222; x_wconf 89' lang='lat' dir='ltr'>praesidio</span> <span class='ocrx_word' id='word_1_169' title='bbox 2148 2153 2373 2216; x_wconf 88' lang='lat' dir='ltr'>stetere,</span> <span class='ocrx_word' id='word_1_170' title='bbox 2403 2155 2444 2204; x_wconf 84' lang='lat'>&#39;7</span> 
     </span>
     <span class='ocr_line' id='line_1_21' title="bbox 290 2243 2374 2325; baseline 0.002 -27"><span class='ocrx_word' id='word_1_171' title='bbox 290 2262 351 2299; x_wconf 83' lang='lat'>20</span> <span class='ocrx_word' id='word_1_172' title='bbox 367 2244 611 2304; x_wconf 90' lang='lat' dir='ltr'>multum</span> <span class='ocrx_word' id='word_1_173' title='bbox 652 2246 1029 2306; x_wconf 90' lang='lat' dir='ltr'>inridentibus</span> <span class='ocrx_word' id='word_1_174' title='bbox 1079 2247 1178 2325; x_wconf 91' lang='lat' dir='ltr'>qui</span> <span class='ocrx_word' id='word_1_175' title='bbox 1224 2247 1333 2322; x_wconf 90' lang='lat' dir='ltr'>ipsi</span> <span class='ocrx_word' id='word_1_176' title='bbox 1381 2246 1639 2306; x_wconf 89' lang='lat' dir='ltr'>viderant</span> <span class='ocrx_word' id='word_1_177' title='bbox 1688 2245 1900 2323; x_wconf 87' lang='lat' dir='ltr'>quique</span> <span class='ocrx_word' id='word_1_178' title='bbox 1945 2263 1982 2304; x_wconf 92' lang='lat' dir='ltr'>a</span> <span class='ocrx_word' id='word_1_179' title='bbox 2035 2243 2374 2320; x_wconf 86' lang='lat' dir='ltr'>parentibus</span> 
     </span>
     <span class='ocr_line' id='line_1_22' title="bbox 366 2343 2374 2421; baseline -0 -20"><span class='ocrx_word' id='word_1_180' title='bbox 366 2353 709 2421; x_wconf 90' lang='lat' dir='ltr'>acceperant</span> <span class='ocrx_word' id='word_1_181' title='bbox 749 2344 905 2404; x_wconf 89' lang='lat' dir='ltr'>diem</span> <span class='ocrx_word' id='word_1_182' title='bbox 946 2345 1105 2404; x_wconf 89' lang='lat' dir='ltr'>illum</span> <span class='ocrx_word' id='word_1_183' title='bbox 1153 2345 1316 2405; x_wconf 91' lang='lat' dir='ltr'>crudi</span> <span class='ocrx_word' id='word_1_184' title='bbox 1364 2345 1556 2405; x_wconf 91' lang='lat' dir='ltr'>adhuc</span> <span class='ocrx_word' id='word_1_185' title='bbox 1605 2345 1814 2405; x_wconf 89' lang='lat' dir='ltr'>servitii</span> <span class='ocrx_word' id='word_1_186' title='bbox 1862 2353 1922 2403; x_wconf 93' lang='lat' dir='ltr'>et</span> <span class='ocrx_word' id='word_1_187' title='bbox 1964 2343 2235 2402; x_wconf 88' lang='lat' dir='ltr'>libertatis</span> <span class='ocrx_word' id='word_1_188' title='bbox 2283 2343 2374 2401; x_wconf 87' lang='lat' dir='ltr'>in-</span> 
     </span>
     <span class='ocr_line' id='line_1_23' title="bbox 365 2440 2375 2521; baseline -0.001 -20"><span class='ocrx_word' id='word_1_189' title='bbox 365 2458 643 2520; x_wconf 88' lang='lat' dir='ltr'>prospere</span> <span class='ocrx_word' id='word_1_190' title='bbox 683 2445 971 2521; x_wconf 87' lang='lat' dir='ltr'>repetitae,</span> <span class='ocrx_word' id='word_1_191' title='bbox 1015 2462 1151 2503; x_wconf 90' lang='lat' dir='ltr'>cum</span> <span class='ocrx_word' id='word_1_192' title='bbox 1192 2445 1425 2504; x_wconf 92' lang='lat' dir='ltr'>occisus</span> <span class='ocrx_word' id='word_1_193' title='bbox 1474 2445 1721 2504; x_wconf 90' lang='lat' dir='ltr'>dictator</span> <span class='ocrx_word' id='word_1_194' title='bbox 1763 2443 1978 2504; x_wconf 89' lang='lat' dir='ltr'>Caesar</span> <span class='ocrx_word' id='word_1_195' title='bbox 2023 2442 2145 2501; x_wconf 91' lang='lat' dir='ltr'>aliis</span> <span class='ocrx_word' id='word_1_196' title='bbox 2187 2440 2375 2517; x_wconf 90' lang='lat' dir='ltr'>pessi-</span> 
     </span>
     <span class='ocr_line' id='line_1_24' title="bbox 366 2541 2374 2619; baseline -0.001 -21"><span class='ocrx_word' id='word_1_197' title='bbox 366 2556 545 2612; x_wconf 89' lang='lat' dir='ltr'>mum,</span> <span class='ocrx_word' id='word_1_198' title='bbox 602 2542 727 2601; x_wconf 90' lang='lat' dir='ltr'>aliis</span> <span class='ocrx_word' id='word_1_199' title='bbox 781 2542 1231 2619; x_wconf 90' lang='lat' dir='ltr'>pulcherrimum</span> <span class='ocrx_word' id='word_1_200' title='bbox 1286 2541 1513 2603; x_wconf 90' lang='lat' dir='ltr'>facinus</span> <span class='ocrx_word' id='word_1_201' title='bbox 1573 2542 1893 2602; x_wconf 85' lang='lat' dir='ltr'>videretur:</span> <span class='ocrx_word' id='word_1_202' title='bbox 1954 2557 2113 2599; x_wconf 89' lang='lat' dir='ltr'>nunc</span> <span class='ocrx_word' id='word_1_203' title='bbox 2172 2556 2374 2598; x_wconf 90' lang='lat' dir='ltr'>senem</span> 
     </span>
     <span class='ocr_line' id='line_1_25' title="bbox 365 2637 2375 2717; baseline -0.002 -19"><span class='ocrx_word' id='word_1_204' title='bbox 365 2641 704 2716; x_wconf 90' lang='lat' dir='ltr'>principem,</span> <span class='ocrx_word' id='word_1_205' title='bbox 748 2641 929 2717; x_wconf 87' lang='lat' dir='ltr'>longa</span> <span class='ocrx_word' id='word_1_206' title='bbox 976 2642 1255 2717; x_wconf 89' lang='lat' dir='ltr'>potentia,</span> <span class='ocrx_word' id='word_1_207' title='bbox 1297 2641 1541 2717; x_wconf 89' lang='lat' dir='ltr'>provisis</span> <span class='ocrx_word' id='word_1_208' title='bbox 1589 2641 1763 2700; x_wconf 85' lang='lat' dir='ltr'>etiam</span> <span class='ocrx_word' id='word_1_209' title='bbox 1808 2639 2088 2698; x_wconf 88' lang='lat' dir='ltr'>heredum</span> <span class='ocrx_word' id='word_1_210' title='bbox 2138 2637 2201 2694; x_wconf 89' lang='lat' dir='ltr'>in</span> <span class='ocrx_word' id='word_1_211' title='bbox 2246 2654 2375 2695; x_wconf 89' lang='lat' dir='ltr'>rem</span> 
     </span>
     <span class='ocr_line' id='line_1_26' title="bbox 290 2734 2375 2815; baseline 0 -21"><span class='ocrx_word' id='word_1_212' title='bbox 290 2757 348 2811; x_wconf 84' lang='lat'>²5</span> <span class='ocrx_word' id='word_1_213' title='bbox 368 2738 659 2814; x_wconf 89' lang='lat' dir='ltr'>publicam</span> <span class='ocrx_word' id='word_1_214' title='bbox 700 2740 925 2815; x_wconf 80' lang='lat' dir='ltr'>opibuS,</span> <span class='ocrx_word' id='word_1_215' title='bbox 965 2739 1179 2799; x_wconf 86' lang='lat' dir='ltr'>auxilio</span> <span class='ocrx_word' id='word_1_216' title='bbox 1222 2739 1438 2799; x_wconf 89' lang='lat' dir='ltr'>scilicet</span> <span class='ocrx_word' id='word_1_217' title='bbox 1480 2738 1705 2798; x_wconf 87' lang='lat' dir='ltr'>militari</span> <span class='ocrx_word' id='word_1_218' title='bbox 1745 2738 2042 2809; x_wconf 89' lang='lat' dir='ltr'>tuendum,</span> <span class='ocrx_word' id='word_1_219' title='bbox 2075 2744 2140 2795; x_wconf 90' lang='lat' dir='ltr'>ut</span> <span class='ocrx_word' id='word_1_220' title='bbox 2184 2734 2375 2813; x_wconf 89' lang='lat' dir='ltr'>sepul-</span> 
     </span>
     <span class='ocr_line' id='line_1_27' title="bbox 366 2837 1095 2915; baseline 0.004 -20"><span class='ocrx_word' id='word_1_221' title='bbox 366 2845 493 2897; x_wconf 89' lang='lat' dir='ltr'>tura</span> <span class='ocrx_word' id='word_1_222' title='bbox 533 2838 656 2896; x_wconf 87' lang='lat' dir='ltr'>eius</span> <span class='ocrx_word' id='word_1_223' title='bbox 697 2838 888 2915; x_wconf 88' lang='lat' dir='ltr'>quieta</span> <span class='ocrx_word' id='word_1_224' title='bbox 931 2837 1095 2898; x_wconf 85' lang='lat' dir='ltr'>foret.</span> 
     </span>
    </p>

    <p class='ocr_par' dir='ltr' id='par_1_3' title="bbox 367 2934 2377 3210">
     <span class='ocr_line' id='line_1_28' title="bbox 450 2934 2377 3014; baseline -0.003 -17"><span class='ocrx_word' id='word_1_225' title='bbox 450 2944 511 2997; x_wconf 83' lang='lat'>9.</span> <span class='ocrx_word' id='word_1_226' title='bbox 552 2934 773 2996; x_wconf 90' lang='lat' dir='ltr'>Multus</span> <span class='ocrx_word' id='word_1_227' title='bbox 821 2937 958 2996; x_wconf 88' lang='lat' dir='ltr'>hinc</span> <span class='ocrx_word' id='word_1_228' title='bbox 1005 2937 1136 3014; x_wconf 90' lang='lat' dir='ltr'>ipso</span> <span class='ocrx_word' id='word_1_229' title='bbox 1186 2937 1260 2997; x_wconf 88' lang='lat' dir='ltr'>de</span> <span class='ocrx_word' id='word_1_230' title='bbox 1308 2936 1576 3014; x_wconf 87' lang='lat' dir='ltr'>Augusto</span> <span class='ocrx_word' id='word_1_231' title='bbox 1626 2955 1834 3007; x_wconf 90' lang='lat' dir='ltr'>sermo,</span> <span class='ocrx_word' id='word_1_232' title='bbox 1883 2935 2169 3012; x_wconf 91' lang='lat' dir='ltr'>plerisque</span> <span class='ocrx_word' id='word_1_233' title='bbox 2223 2950 2377 2992; x_wconf 87' lang='lat' dir='ltr'>vana</span> 
     </span>
     <span class='ocr_line' id='line_1_29' title="bbox 367 3032 2376 3112; baseline -0.002 -19"><span class='ocrx_word' id='word_1_234' title='bbox 367 3036 722 3105; x_wconf 90' lang='lat' dir='ltr'>mirantibus,</span> <span class='ocrx_word' id='word_1_235' title='bbox 765 3034 926 3112; x_wconf 90' lang='lat' dir='ltr'>quod</span> <span class='ocrx_word' id='word_1_236' title='bbox 965 3035 1123 3094; x_wconf 90' lang='lat' dir='ltr'>idem</span> <span class='ocrx_word' id='word_1_237' title='bbox 1165 3036 1288 3094; x_wconf 90' lang='lat' dir='ltr'>dies</span> <span class='ocrx_word' id='word_1_238' title='bbox 1340 3035 1562 3111; x_wconf 88' lang='lat' dir='ltr'>accepti</span> <span class='ocrx_word' id='word_1_239' title='bbox 1612 3034 1911 3112; x_wconf 89' lang='lat' dir='ltr'>quondam</span> <span class='ocrx_word' id='word_1_240' title='bbox 1952 3032 2175 3109; x_wconf 90' lang='lat' dir='ltr'>imperii</span> <span class='ocrx_word' id='word_1_241' title='bbox 2216 3032 2376 3108; x_wconf 89' lang='lat' dir='ltr'>prin-</span> 
     </span>
     <span class='ocr_line' id='line_1_30' title="bbox 369 3113 2375 3210; baseline -0.002 -17"><span class='ocrx_word' id='word_1_242' title='bbox 369 3152 508 3210; x_wconf 89' lang='lat' dir='ltr'>ceps</span> <span class='ocrx_word' id='word_1_243' title='bbox 554 3144 613 3193; x_wconf 92' lang='lat' dir='ltr'>et</span> <span class='ocrx_word' id='word_1_244' title='bbox 654 3134 802 3192; x_wconf 88' lang='lat' dir='ltr'>vitae</span> <span class='ocrx_word' id='word_1_245' title='bbox 851 3113 1173 3210; x_wconf 77' lang='lat' dir='ltr'>supremuS‚</span> <span class='ocrx_word' id='word_1_246' title='bbox 1217 3132 1380 3210; x_wconf 92' lang='lat' dir='ltr'>quod</span> <span class='ocrx_word' id='word_1_247' title='bbox 1422 3132 1613 3194; x_wconf 91' lang='lat' dir='ltr'>Nolae</span> <span class='ocrx_word' id='word_1_248' title='bbox 1661 3134 1723 3192; x_wconf 89' lang='lat' dir='ltr'>in</span> <span class='ocrx_word' id='word_1_249' title='bbox 1768 3133 1949 3192; x_wconf 91' lang='lat' dir='ltr'>domo</span> <span class='ocrx_word' id='word_1_250' title='bbox 1999 3140 2058 3190; x_wconf 90' lang='lat' dir='ltr'>et</span> <span class='ocrx_word' id='word_1_251' title='bbox 2105 3130 2375 3189; x_wconf 89' lang='lat' dir='ltr'>cubiculo</span> 
     </span>
    </p>

    <p class='ocr_par' dir='ltr' id='par_1_4' title="bbox 294 3228 2440 3606">
     <span class='ocr_line' id='line_1_31' title="bbox 294 3228 2440 3309; baseline -0.002 -22"><span class='ocrx_word' id='word_1_252' title='bbox 294 3251 356 3300; x_wconf 80' lang='lat'>30</span> <span class='ocrx_word' id='word_1_253' title='bbox 373 3230 433 3288; x_wconf 90' lang='lat' dir='ltr'>in</span> <span class='ocrx_word' id='word_1_254' title='bbox 465 3249 583 3309; x_wconf 91' lang='lat' dir='ltr'>quo</span> <span class='ocrx_word' id='word_1_255' title='bbox 615 3242 777 3307; x_wconf 90' lang='lat' dir='ltr'>pater</span> <span class='ocrx_word' id='word_1_256' title='bbox 818 3232 939 3291; x_wconf 87' lang='lat' dir='ltr'>eius</span> <span class='ocrx_word' id='word_1_257' title='bbox 976 3230 1249 3291; x_wconf 88' lang='lat' dir='ltr'>Octavius</span> <span class='ocrx_word' id='word_1_258' title='bbox 1281 3232 1459 3290; x_wconf 88' lang='lat' dir='ltr'>vitam</span> <span class='ocrx_word' id='word_1_259' title='bbox 1500 3231 1796 3291; x_wconf 88' lang='lat' dir='ltr'>finivisset.</span> <span class='ocrx_word' id='word_1_260' title='bbox 1879 3246 2155 3288; x_wconf 90' lang='lat' dir='ltr'>numerus</span> <span class='ocrx_word' id='word_1_261' title='bbox 2196 3228 2374 3286; x_wconf 87' lang='lat' dir='ltr'>etiam</span> <span class='ocrx_word' id='word_1_262' title='bbox 2403 3235 2440 3281; x_wconf 78' lang='lat'><strong>2</strong></span> 
     </span>
     <span class='ocr_line' id='line_1_32' title="bbox 373 3325 2376 3407; baseline -0.001 -20"><span class='ocrx_word' id='word_1_263' title='bbox 373 3330 774 3388; x_wconf 85' lang='lat' dir='ltr'>consulatuum</span> <span class='ocrx_word' id='word_1_264' title='bbox 838 3329 1247 3401; x_wconf 88' lang='lat' dir='ltr'>celebrabatur,</span> <span class='ocrx_word' id='word_1_265' title='bbox 1315 3348 1433 3407; x_wconf 95' lang='lat' dir='ltr'>quo</span> <span class='ocrx_word' id='word_1_266' title='bbox 1501 3329 1798 3389; x_wconf 89' lang='lat' dir='ltr'>Valerium</span> <span class='ocrx_word' id='word_1_267' title='bbox 1866 3328 2120 3389; x_wconf 90' lang='lat' dir='ltr'>Corvum</span> <span class='ocrx_word' id='word_1_268' title='bbox 2183 3336 2243 3386; x_wconf 89' lang='lat' dir='ltr'>et</span> <span class='ocrx_word' id='word_1_269' title='bbox 2306 3325 2376 3386; x_wconf 92' lang='lat' dir='ltr'>C.</span> 
     </span>
     <span class='ocr_line' id='line_1_33' title="bbox 374 3425 2379 3505; baseline -0.001 -21"><span class='ocrx_word' id='word_1_270' title='bbox 374 3425 627 3486; x_wconf 89' lang='lat' dir='ltr'>Marium</span> <span class='ocrx_word' id='word_1_271' title='bbox 669 3427 838 3487; x_wconf 91' lang='lat' dir='ltr'>simul</span> <span class='ocrx_word' id='word_1_272' title='bbox 880 3437 1235 3505; x_wconf 89' lang='lat' dir='ltr'>aequaverat,</span> <span class='ocrx_word' id='word_1_273' title='bbox 1266 3429 1601 3487; x_wconf 88' lang='lat' dir='ltr'>continuata</span> <span class='ocrx_word' id='word_1_274' title='bbox 1639 3447 1744 3505; x_wconf 90' lang='lat' dir='ltr'>per</span> <span class='ocrx_word' id='word_1_275' title='bbox 1785 3437 2010 3505; x_wconf 92' lang='lat' dir='ltr'>septem</span> <span class='ocrx_word' id='word_1_276' title='bbox 2050 3435 2108 3485; x_wconf 89' lang='lat' dir='ltr'>et</span> <span class='ocrx_word' id='word_1_277' title='bbox 2143 3426 2379 3501; x_wconf 86' lang='lat' dir='ltr'>triginta</span> 
     </span>
     <span class='ocr_line' id='line_1_34' title="bbox 375 3524 2377 3606; baseline -0 -22"><span class='ocrx_word' id='word_1_278' title='bbox 375 3543 562 3586; x_wconf 85' lang='lat' dir='ltr'>annos</span> <span class='ocrx_word' id='word_1_279' title='bbox 610 3527 908 3588; x_wconf 84' lang='lat' dir='ltr'>tribunicia</span> <span class='ocrx_word' id='word_1_280' title='bbox 953 3536 1228 3606; x_wconf 63' lang='lat' dir='ltr'>potestas»,</span> <span class='ocrx_word' id='word_1_281' title='bbox 1280 3544 1500 3586; x_wconf 90' lang='lat' dir='ltr'>nomen</span> <span class='ocrx_word' id='word_1_282' title='bbox 1554 3527 1913 3603; x_wconf 85' lang='lat' dir='ltr'>imperatoris</span> <span class='ocrx_word' id='word_1_283' title='bbox 1971 3524 2149 3585; x_wconf 82' lang='lat' dir='ltr'>semel</span> <span class='ocrx_word' id='word_1_284' title='bbox 2202 3533 2377 3601; x_wconf 90' lang='lat' dir='ltr'>atque</span> 
     </span>
    </p>
   </div>
  </div>
 </body>
</html>
