2594 3925
1359 133 1368 162 l

339 228 446 282 142
783 217 1146 267 CORNELII
1187 218 1277 266 TA
1289 218 1451 267 σῖτ’]
1484 218 1901 267 ANNALIUM
1983 205 2193 288 μισ.
2219 226 2330 281 773·

329 377 579 435 Gracchi
635 388 692 435 et
743 377 1033 435 Saturnini
1083 380 1401 436 turbatores
1449 378 1651 455 plebis,
1702 395 1811 436 nec
1860 377 2048 436 minor
2095 376 2333 452 largitor

328 476 562 534 nomine
607 484 838 533 senatus
888 474 1148 547 Drusus3
1201 475 1456 551 corrupti
1501 494 1603 551 spe
1646 485 1742 533 aut
1792 475 1964 533 inlusi
2011 493 2114 550 per
2164 475 2335 532 inter·

329 574 652 633 cessionem
708 575 866 633 socii.
950 593 1018 633 ac
1077 593 1151 633 ne
1207 574 1361 632 bello
1419 574 1656 651 quidem
1714 574 1934 644 Italico,
1987 592 2127 631 mox
2187 573 2336 631 civili
2360 584 2411 627 4

329 673 607 731 omissum
646 674 782 749 quin
826 674 1005 731 multa
1047 682 1105 731 et
1148 673 1371 731 diversa
1413 673 1809 745 sciscerentur,
1845 673 2042 751 donec*
2076 672 2145 730 L.
2180 672 2340 730 Sulla

277 794 302 843 5
328 772 571 831 dictator
601 772 826 830 abolitis
855 772 942 831 vel
978 773 1268 832 conversis
1302 772 1600 849 prioribus,
1634 791 1769 832 cum
1807 773 1968 849 plura
2002 772 2335 843 addidisset,

330 871 509 928 otium
538 872 658 930 eius
692 872 772 930 rei
805 872 959 930 haud
997 872 1056 929 in
1091 872 1335 948 longum
1372 872 1607 948 paravit,
1638 872 1828 930 statim
1857 870 2095 929 turbidis
2126 870 2338 947 Lepidi

327 971 733 1045 rogationibus,
769 989 956 1047 neque
995 970 1176 1029 multo
1213 980 1349 1047 post
1387 971 1630 1030 tribunis
1668 972 1890 1030 reddita
1928 970 2157 1029 licentia
2192 988 2338 1045 quo-

328 1087 444 1144 quo
477 1070 686 1128 vellent
725 1071 1009 1146 populum
1051 1070 1326 1146 agitandi.
1409 1070 1641 1147 iamque
1684 1088 1807 1128 non
1846 1070 2025 1129 modo
2067 1069 2129 1125 in
2172 1086 2338 1125 com·
2363 1079 2400 1124 5

327 1185 518 1240 mune,
551 1168 654 1226 sed
683 1168 743 1225 in
773 1168 1028 1244 singulos
1061 1167 1326 1227 homines
1355 1166 1503 1227 latae
1527 1169 1910 1244 quaestioneS,
1939 1178 1998 1227 et
2025 1167 2338 1243 corruptis-

255 1289 312 1324 10
330 1266 474 1323 sima
500 1285 561 1325 re
590 1267 820 1343 publica
848 1267 1127 1343 plurimae
1155 1268 1333 1344 legeS.

409 1371 513 1424 28.
557 1365 714 1423 Tum
755 1364 863 1423 Cn.
895 1365 1209 1442 Pompeius
1248 1365 1479 1424 tertium
1522 1367 1726 1425 consul
1761 1366 2117 1443 corrigendis
2156 1366 2338 1425 mori-

316 1464 438 1521 ·bus
469 1463 737 1535 delectus,
769 1473 856 1522 set
882 1466 1109 1541 gravior
1137 1464 1406 1523 remediis
1437 1483 1614 1541 quam
1646 1465 1853 1523 delicta
1880 1476 2041 1524 erant
2069 1483 2336 1523 suarum-

328 1580 440 1637 que
486 1562 682 1637 legum
723 1572 924 1621 auctor
963 1563 1118 1621 idem
1158 1583 1227 1622 ac
1277 1565 1595 1635 subversor,
1643 1582 1791 1640 quae
1834 1564 2008 1622 armis
2048 1564 2336 1633 tuebatur,

329 1661 500 1720 armis
528 1661 732 1719 amisit.
810 1663 967 1719 exim
995 1662 1271 1720 continua
1297 1680 1402 1737 per
1430 1663 1627 1737 viginti
1657 1680 1844 1721 annos
1873 1662 2178 1732 discordia,
2209 1680 2337 1721 non
2362 1674 2397 1718 2

253 1784 307 1833 15
327 1779 474 1829 mos,
513 1778 635 1818 non
671 1760 790 1831 ius;
844 1761 1148 1820 deterrima
1189 1780 1452 1838 quaeque
1495 1761 1711 1837 inpune
1755 1780 1823 1820 ac
1866 1762 2045 1819 multa
2088 1762 2338 1820 honesta

330 1859 502 1917 exitio
530 1858 701 1918 fuere.
787 1869 951 1917 sexto
996 1860 1234 1918 demum
1278 1859 1577 1918 consulatu
1610 1857 1828 1918 Caesar
1868 1860 2184 1936 AugustuS,
2222 1878 2336 1936 po-
2362 1876 2398 1921 3

332 1958 539 2017 tentiae
591 1977 838 2030 securuS,
888 1978 1035 2036 quae
1083 1958 1438 2017 triumviratu
1482 1959 1721 2018 iusserat
1769 1959 2019 2018 abolevit
2060 1959 2334 2036 deditque

329 2058 465 2128 iura,
507 2060 634 2141 quis
675 2078 821 2135 pace
861 2069 919 2117 et
961 2058 1222 2136 principe
1262 2067 1567 2117 uteremur.
1637 2059 1862 2117 acriora
1901 2079 1975 2118 ex
2019 2078 2087 2118 eo
2129 2060 2334 2130 vincla,
2358 2071 2401 2115 4

329 2158 492 2217 inditi
519 2160 788 2218 custodes
817 2168 874 2218 et
901 2161 1031 2236 lege
1068 2159 1250 2235 Papia
1291 2159 1569 2236 Poppaea
1602 2160 1873 2236 praemiis
1913 2159 2143 2230 inducti,
2172 2170 2251 2231 ut,
2286 2160 2336 2218 si

251 2278 312 2314 20
332 2277 367 2315 a
393 2258 700 2334 privilegiis
730 2270 1041 2336 parentum,
1072 2267 1403 2328 cessaretur,
1433 2258 1585 2316 velut
1611 2276 1821 2334 parens
1851 2259 2111 2316 omnium
2141 2277 2335 2334 popu-

330 2357 417 2414 lus
461 2357 724 2415 vacantia
772 2365 1008 2415 teneret.
1110 2356 1213 2414 sed
1263 2355 1432 2413 altius
1477 2357 1860 2432 penetrabant
1905 2356 2224 2430 urbemque
2277 2366 2337 2414 et
2360 2373 2397 2418 5

329 2454 556 2512 Italiam
602 2464 660 2513 et
701 2456 860 2531 quod
909 2473 1154 2530 usquam
1198 2454 1408 2512 civium
1450 2454 1861 2530 corripuerant,
1903 2455 2334 2531 multorumque

328 2552 507 2610 excisi
557 2562 749 2610 status,
854 2562 912 2611 et
953 2563 1135 2612 terror
1178 2553 1448 2612 omnibus
1492 2552 1897 2623 intentabatur,
1948 2553 2009 2610 ni
2058 2552 2334 2612 Tiberius
2359 2566 2399 2610 6

329 2651 633 2710 statuendo
676 2651 933 2710 remedio
976 2653 1229 2728 quinque
1275 2650 1681 2722 consularium,
1727 2651 1978 2727 quinque
2018 2669 2051 2708 e
2094 2663 2333 2728 praeto-

253 2772 309 2821 25
329 2751 442 2819 riis,
473 2749 711 2808 totidem
741 2767 774 2806 e
804 2759 996 2808 cetero
1036 2758 1239 2808 senatu
1279 2759 1432 2807 sorte
1472 2749 1745 2820 duxisset,
1784 2749 1937 2825 apud
1974 2767 2121 2824 quos
2157 2768 2332 2808 exso-

326 2849 426 2905 luti
466 2848 720 2924 plerique
762 2846 907 2923 legis
950 2867 1134 2907 nexus
1176 2847 1478 2907 modicum
1520 2848 1579 2904 in
1620 2865 1894 2924 praesens
1938 2846 2333 2906 levamentum

329 2947 500 3005 fuere.

409 3050 508 3104 29.
551 3046 660 3104 Per
702 3045 855 3104 idem
894 3055 1122 3122 tempus
1167 3043 1462 3105 Neronem
1507 3064 1540 3104 e
1581 3046 1771 3104 liberis
1815 3045 2168 3115 Germanici,
2212 3047 2331 3106 iam

328 3143 649 3219 ingressum
707 3126 1012 3212 iuventam,
1062 3143 1490 3201 commendavit
1545 3144 1818 3219 patribus,
1862 3154 2038 3218 utque
2088 3162 2332 3204 munere

249 3263 311 3310 30
328 3242 667 3318 capessendi
709 3241 1119 3316 vigintiviratus
1161 3240 1469 3298 solveretur
1510 3251 1567 3298 et
1607 3241 2002 3317 quinquennio
2051 3243 2329 3302 maturius

329 3358 505 3416 quam
546 3358 647 3416 per
688 3340 849 3414 leges
892 3348 1258 3414 quaesturam
1299 3348 1531 3414 peteret,
1562 3357 1683 3397 non
1719 3340 1840 3397 sine
1874 3339 2050 3397 inrisu
2091 3340 2330 3398 audien-

331 3440 471 3496 tium
499 3437 822 3514 postulavit.
906 3437 1317 3513 praetendebat
1347 3437 1454 3495 sibi
1482 3446 1653 3513 atque
1682 3437 1835 3495 statri
1862 3437 2093 3495 decreta
2122 3438 2326 3496 eadem
2355 3456 2389 3501 2

330 3547 561 3614 petente
609 3536 891 3611 Augusto.
1003 3536 1106 3594 sed
1154 3553 1346 3612 neque
1391 3545 1512 3593 tum
1560 3535 1735 3593 fuisse
1786 3535 2179 3605 dubitaverim,
2227 3537 2326 3613 qui
