2594 3925
228 266 360 308 an.
392 244 500 329 16.]
843 255 1079 305 LIBER
1117 255 1197 306 Π.
1266 254 1421 306 cae.
1458 248 1667 307 12-16.
2177 262 2252 319 93

230 431 388 471 vove
422 413 665 482 firmata,
697 411 801 471 sed
827 410 1108 488 viminum
1147 420 1336 488 tentus
1369 412 1459 469 vel
1499 411 1685 470 tenuis
1718 421 1775 471 et
1808 412 2027 473 fucatas
2061 410 2253 472 colore

229 511 505 583 tabulas;
548 510 799 588 primam
834 519 1149 587 ute-umque
1190 510 1375 568 aciem
1414 509 1717 581 hastatam‚
1754 512 1957 570 ceteris
1989 519 2255 588 praeusta

169 618 202 663 5
232 621 336 668 aut
386 610 582 668 brevia
624 608 752 667 tela.
837 608 954 678 iam
995 625 1206 683 corpus
1250 617 1312 665 ut
1352 608 1477 667 visu
1520 617 1743 681 tor—v-um
1794 620 1851 669 et
1898 611 1972 669 ad
2018 611 2250 668 brevem

230 709 527 785 impetum
554 707 826 778 validum,
858 707 939 765 sic
979 706 1136 764 nulla
1164 705 1464 764 vulnerum
1504 706 1812 782 patientia:
1865 708 1988 766 sine
2026 708 2251 785 pudore

233 806 461 883 flagitii,
520 807 645 866 sine
703 823 840 864 cura
901 805 1114 864 ducum
1144 787 1151 880 ἶ
1180 805 1354 876 abire,
1414 804 1628 881 fugere,
1685 806 1926 881 pavidos
1983 807 2252 879 adversis
2277 829 2304 878 5

172 913 209 959 6
235 906 392 962 inter
443 904 700 963 secunda
749 921 869 963 non
918 902 1109 974 divini,
1160 920 1281 961 non
1333 903 1571 961 humani
1628 903 1763 963 iuris
1812 922 2121 963 memores.
2206 904 2253 962 si

237 1003 438 1061 taedio
467 1003 686 1060 viarum
726 1020 794 1060 ac
833 1002 1009 1059 maris
1044 1001 1221 1058 finem
1256 1001 1510 1078 cupiant,
1540 1001 1648 1059 hac
1685 1001 1808 1060 acie
1844 1002 2030 1078 parari
2061 1022 2073 1058 :
2117 1020 2251 1078 pro-

235 1101 469 1177 piorem
504 1101 620 1158 iam
648 1100 845 1158 Albim
875 1116 1052 1176 quam
1083 1097 1375 1168 Rhenum,
1411 1117 1602 1176 neque
1631 1099 1846 1157 bellum
1879 1099 2042 1169 ultra,
2073 1099 2253 1159 modo

236 1217 320 1268 se,
360 1183 540 1275 patris
581 1198 883 1275 patruique
921 1196 1163 1271 vestigia
1203 1206 1585 1273 prementem,
1615 1197 1804 1256 isdem
1844 1198 1905 1255 in
1942 1197 2104 1256 terris
2138 1198 2248 1255 vic-

237 1307 430 1355 torem
462 1297 738 1355 sisterent.
2275 1320 2332 1354 ιο

321 1401 420 1454 15.
465 1393 804 1454 Orationem
860 1393 1024 1454 ducis
1083 1403 1315 1453 secutus
1370 1393 1617 1452 militum
1667 1394 1857 1466 ardor,
1908 1395 2249 1472 signumque

176 1502 211 1548 2
238 1511 474 1569 pugnae
506 1493 722 1551 datum.
792 1510 903 1550 nec
930 1491 1228 1550 Arminius
1257 1501 1357 1549 aut
1385 1491 2017 1574 ceteri-Germanorum
2045 1512 2248 1571 proce-

236 1610 331 1650 res
372 1591 717 1650 omittebant
759 1607 895 1648 suos
929 1590 1172 1667 quisque
1214 1591 1426 1663 testari,
1470 1590 1580 1648 hos
1622 1609 1748 1649 esse
1793 1590 2100 1651 Romanos
2129 1591 2248 1651 Va-

236 1690 383 1747 riani
428 1690 711 1748 exercitus
752 1688 1174 1764 fugacissimos,
1218 1690 1317 1765 qui
1359 1706 1434 1746 ne
1476 1688 1691 1747 bellum
1734 1690 2054 1760 tolerarent,
2099 1690 2249 1749 sedi-

236 1788 462 1846 tionem
497 1787 786 1845 induerint
809 1809 824 1859 3
869 1804 1117 1863 quorum
1145 1804 1281 1864 pars
1311 1796 1520 1847 onusta
1547 1787 1874 1846 vulneribus
1902 1798 2080 1864 terga,
2110 1806 2245 1865 pars
2268 1812 2325 1861 15

237 1884 510 1944 fluctibus
553 1896 610 1944 et
651 1885 917 1962 procellis
960 1885 1172 1944 fractos
1217 1895 1372 1943 artus
1416 1885 1655 1944 infensis
1697 1903 1923 1944 rursum
1966 1885 2245 1957 hostibuS‚

178 1995 211 2041 3
240 1984 498 2043 adversis
533 1985 622 2043 dis
651 1985 921 2055 obiciant,
952 1984 1109 2042 nulla
1149 1984 1287 2041 boni
1329 2001 1450 2060 spe.
1522 1984 1763 2043 classem
1792 1985 2007 2061 quippe
2037 1996 2094 2044 et
2122 1988 2249 2045 avia

240 2082 465 2142 Oceani
517 2066 788 2159 quaesita,
832 2102 906 2142 ne
957 2083 1083 2158 quis
1133 2082 1494 2141 venientibus
1542 2092 1880 2149 occurreret,
1924 2101 2000 2142 ne
2049 2084 2247 2160 pulsos

242 2191 569 2257 premeret:
613 2181 717 2240 sed
756 2182 856 2239 ubi
897 2180 1229 2239 miscuerint
1270 2198 1494 2251 manus,
1533 2181 1706 2240 inane
1748 2181 1908 2240 victis
1945 2192 2247 2240 ventorum

179 2289 217 2335 4
240 2297 610 2338 remorumve
639 2279 971 2337 subsidium.
1055 2277 1456 2336 meminissent
1485 2278 1664 2337 modo
1694 2279 1977 2351 avaritiae,
2008 2281 2249 2339 crudeli·
2271 2304 2331 2339 20

244 2378 393 2448 tatiS,
429 2377 767 2454 superbiae:
813 2376 967 2435 aliud
1012 2377 1119 2435 sibi
1160 2376 1443 2453 reliquum
1477 2394 1658 2452 quam
1697 2387 1893 2436 tenere
1934 2377 2250 2437 libertatern

244 2487 343 2535 aut
371 2478 522 2534 mori
552 2486 685 2534 ante
716 2475 1050 2534 servitium?

325 2581 423 2633 16.
470 2573 565 2633 Sic
609 2591 889 2633 accensos
931 2583 990 2632 et
1038 2573 1324 2651 proelium
1373 2583 1682 2650 poscentes
1723 2574 1783 2632 in
1826 2593 2117 2652 campum,
2160 2577 2253 2635 cui

188 2681 221 2726 2
247 2673 552 2732 Idisiaviso
583 2691 817 2743 nomen,
848 2672 1156 2731 deducunt.
1219 2673 1269 2731 is
1296 2672 1521 2730 medius
1549 2673 1697 2731 inter
1724 2672 2019 2749 Visurgim
2047 2684 2105 2733 et
2133 2674 2252 2735 col·
2321 2655 2328 2667 ⁸

247 2773 344 2841 leS‚
373 2783 439 2830 ut
475 2772 633 2848 ripae
674 2771 928 2829 fluminis
972 2772 1183 2830 cedunt
1224 2780 1324 2829 aut
1364 2770 1749 2846 prominentia
1791 2773 2075 2831 montium
2117 2774 2251 2832 resi·
2273 2799 2329 2847 25

187 2878 219 2922 3
249 2880 421 2941 stunt,
466 2869 837 2946 inaequaliter
887 2870 1158 2929 sinuatur.
1241 2887 1399 2947 pone
1443 2878 1666 2945 tergum
1717 2870 2050 2948 insurgebat
2095 2849 2250 2945 siff-a,

247 2951 412 3027 {stis
454 2967 514 3023 in
556 2967 733 3026 altum
775 2969 948 3027 ramis
985 2979 1042 3029 et
1083 2987 1230 3045 pura
1270 2967 1453 3027 humo
1495 2969 1641 3027 inter
1683 2970 1957 3028 arborum
1998 2979 2249 3029 truncos,

184 3074 222 3120 4
249 3083 526 3142 campum
567 3076 625 3124 et
666 3066 851 3143 prima
889 3067 1155 3125 silvarum
1197 3065 1443 3125 barbara
1486 3067 1638 3126 acies
1681 3068 1898 3127 tenuit:
1948 3068 2057 3128 soli
2099 3068 2249 3128 Che-

247 3165 398 3223 rusci
437 3165 572 3240 iuga
599 3164 875 3249 insedere,
905 3177 968 3224 ut
1006 3166 1420 3243 proeliantibus
1461 3165 1746 3226 Romanis
1781 3166 2026 3244 desuper
2060 3167 2251 3226 incur-

189 3270 223 3316 5
249 3272 452 3322 rerent.
503 3273 701 3322 noster
722 3264 1003 3323 exercitus
1032 3265 1114 3323 sic
1141 3264 1411 3323 incessit:
1447 3264 1751 3323 auxiliares
1773 3263 1924 3322 Galli
1947 3264 2251 3324 Germani·
2271 3290 2332 3338 30

249 3381 361 3440 que
411 3363 473 3419 in
519 3361 721 3431 fronte,
771 3373 904 3439 post
953 3381 1101 3439 quos
1156 3363 1380 3445 pedites
1438 3363 1749 3438 sagittarii3
1801 3362 1934 3421 dein
1985 3373 2253 3440 quattuor

249 3462 512 3538 legiones
568 3469 626 3518 et
682 3479 816 3518 cum
878 3462 1099 3520 duabus
1160 3461 1461 3539 praetoriis
1515 3460 1846 3520 cohortibus
1902 3480 1970 3520 ac
2026 3462 2251 3532 delecto

250 3561 443 3636 equite
474 3558 724 3631 Caesar3
767 3561 922 3619 exim
958 3559 1196 3619 totidem
1237 3561 1382 3617 aliae
1422 3560 1681 3635 legiones
1710 3570 1767 3618 et
1799 3560 1937 3619 levis
1964 3571 2252 3621 armatura
