2594 3925
384 245 491 297 114
759 232 1122 282 CORNELII
1164 231 1428 280 TACITI
1461 230 1883 280 ANNALIUM
1961 226 2168 296 [A.U.C.
2198 239 2375 291 771-2.

379 392 604 461 sineret,
661 410 733 450 eo
786 410 971 476 usque
1029 390 1411 467 corruptionis
1468 399 1769 466 provectus
1825 399 1929 462 est,
1985 399 2047 448 ut
2102 367 2378 447 sermone

380 488 533 563 vulgi
589 507 796 565 parens
851 489 1144 564 legionum
1204 488 1522 547 haberetur.
1606 507 1714 547 nec
1769 488 2045 547 Plancina
2103 506 2167 546 se
2225 487 2380 544 intra
2407 499 2447 546 5

378 586 589 644 decora
614 586 841 645 feminis
883 589 1130 656 tenebat,
1161 587 1264 645 sed
1290 587 1559 645 exercitio
1588 588 1863 663 equitum,
1892 586 2229 645 decursibus
2273 601 2378 642 co-

377 682 624 741 hortium
650 685 939 754 interesse,
962 685 1022 742 in
1042 684 1443 760 Agrippinam,
1466 685 1526 740 in
1557 682 1968 742 Germanicum
1996 682 2379 741 contumelias

328 805 355 853 5
377 781 577 853 iacere,
607 783 948 858 quibusdam
976 782 1148 840 etiam
1179 783 1466 840 bonorum
1508 781 1751 838 militum
1793 781 1869 839 ad
1909 780 2064 838 mala
2093 778 2381 854 obsequia

380 881 675 956 promptis,
699 880 856 957 quod
883 879 1038 938 haud
1066 880 1242 937 invito
1271 880 1615 956 imperatore
1643 897 1714 936 ea
1743 878 1861 936 fieri
1888 878 2151 936 occultus
2179 894 2380 934 rumor

378 977 697 1037 incedebat.
779 987 919 1036 nota
946 977 1088 1035 haec
1120 975 1491 1047 Germanico,
1521 976 1623 1034 sed
1651 976 1924 1053 praeverti
1962 975 2040 1034 ad
2065 974 2379 1036 Armenios
2407 976 2449 1021 6

379 1073 676 1133 instantior
704 1093 838 1133 cura
859 1074 978 1134 fuit.

461 1177 566 1231 56.
608 1171 900 1247 Ambigua
955 1191 1101 1248 gens
1157 1192 1226 1232 ea
1281 1172 1593 1249 antiquitus
1657 1172 1963 1231 hominum
2019 1169 2267 1246 ingeniis
2326 1177 2410 1251 et,

304 1292 362 1326 10
380 1269 489 1326 situ
525 1279 818 1340 terrarum,
861 1271 1138 1346 quoniam
1178 1271 1389 1329 nostris
1431 1270 1741 1345 provinciis
1782 1271 1894 1327 late
1937 1276 2236 1344 praetenta
2279 1284 2382 1341 pe·

380 1366 530 1424 nitus
560 1366 635 1425 ad
664 1365 879 1425 Medos
907 1368 1212 1442 porrigitur
1227 1387 1243 1439 3
1288 1368 1672 1443 maximisque
1709 1366 1963 1443 imperiis
2005 1364 2289 1423 interiecti
2330 1373 2388 1422 et

385 1465 611 1540 saepius
658 1465 955 1523 discordes
1002 1474 1149 1536 sunt,
1196 1465 1468 1523 adversus
1516 1464 1820 1524 Romanos
1864 1463 2003 1523 odio
2043 1474 2102 1521 et
2141 1463 2205 1519 in
2246 1461 2388 1519 Par-

381 1562 543 1619 thum
592 1561 815 1620 invidia.
902 1581 1101 1638 regem
1142 1562 1238 1620 illa
1274 1571 1612 1639 tempestate
1661 1580 1785 1620 non
1830 1561 2136 1631 habebant,
2185 1567 2388 1617 amoto
2415 1572 2452 1616 2

380 1658 668 1718 Vonone:
731 1659 835 1717 sed
885 1658 1043 1718 favor
1086 1660 1338 1717 nationis
1383 1660 1699 1718 inclinabat
1745 1659 1806 1716 in
1853 1659 2171 1728 Zenonem,
2219 1657 2388 1715 Pole-

308 1778 362 1828 15
383 1758 573 1816 monis
614 1757 765 1832 regis
795 1756 1020 1815 Pontici
1049 1758 1245 1828 filium,
1274 1757 1434 1833 quod
1465 1758 1513 1815 is
1539 1758 1725 1832 prima
1754 1759 1828 1815 ab
1857 1755 2095 1814 infantia
2128 1753 2392 1812 instituta

382 1863 438 1912 et
466 1855 681 1912 cultum
714 1855 1122 1913 Armeniorum
1163 1856 1503 1927 aemulatus,
1534 1868 1744 1913 venatu
1785 1854 1968 1931 epulis
2008 1863 2066 1911 et
2093 1870 2242 1928 quae
2274 1852 2391 1910 alia

381 1953 605 2011 barbari
634 1952 938 2025 celebrant,
967 1973 1235 2029 proceres
1276 1953 1624 2031 plebemque
1666 1954 1822 2012 iuxta
1860 1952 2209 2011 devinxerat.
2280 1950 2390 2026 igi-
2418 1968 2455 2013 3

384 2061 471 2108 tur
512 2045 895 2109 Germanicus
949 2051 1011 2108 in
1050 2052 1190 2110 urbe
1233 2053 1527 2124 Artaxata,
1571 2051 2023 2128 adprobantibus
2076 2049 2388 2117 nobilibus,

383 2147 728 2206 circumfusa
769 2148 1145 2221 multitudine,
1189 2150 1416 2225 insigne
1459 2150 1679 2226 regium
1722 2149 1897 2224 capiti
1932 2148 2054 2206 eius
2095 2146 2389 2221 imposuit.

307 2268 368 2302 20
384 2246 556 2303 ceteri
603 2256 938 2304 venerantes
992 2265 1188 2323 regem
1237 2248 1539 2306 Artaxiam
1595 2246 2038 2315 consalutavere,
2095 2243 2255 2319 quod
2309 2242 2391 2299 illi

384 2343 729 2400 vocabulum
770 2344 1094 2402 indiderant
1135 2364 1207 2403 ex
1250 2346 1491 2404 nomine
1532 2346 1707 2403 urbiS.
1791 2352 1852 2401 at
1892 2341 2276 2418 Cappadoces
2327 2340 2389 2396 in
2415 2356 2459 2400 4

385 2438 634 2497 formam
677 2441 1009 2516 provinciae
1049 2441 1263 2500 redacti
1311 2442 1387 2514 Q.
1419 2442 1738 2501 Veranium
1780 2442 2032 2516 legatum
2076 2456 2356 2514 accepere
2373 2456 2388 2508 ;

384 2542 442 2594 et
470 2537 754 2611 quaedam
782 2558 851 2597 ex
880 2539 1050 2615 regiis
1085 2540 1306 2598 tributis
1336 2540 1647 2610 deminuta,
1680 2557 1797 2616 quo
1826 2537 2018 2594 mitius
2048 2535 2393 2593 Romanum

385 2634 689 2709 imperium
719 2649 1051 2712 speraretur.
1139 2637 1558 2714 Commagenis
1589 2637 1665 2709 Q.
1691 2636 1967 2695 Servaeus
1998 2633 2391 2710 praeponitur,
2417 2650 2457 2695 5

310 2753 366 2802 ²5
388 2740 511 2788 tum
539 2732 790 2807 primum
819 2733 894 2791 ad
928 2734 1016 2792 ius
1044 2735 1323 2811 praetoris
1352 2735 1653 2794 translatis

470 2835 569 2889 57.
615 2830 952 2907 Cunctaque
1016 2832 1249 2890 socialia
1318 2851 1593 2909 prospere
1670 2831 1993 2906 composita
2060 2847 2184 2887 non
2253 2828 2392 2887 ideo

387 2925 598 2985 laetum
659 2927 1076 2986 Germanicum
1130 2929 1422 2988 habebant
1478 2931 1558 2988 ob
1613 2929 1939 3006 superbiam
1993 2926 2238 2998 Pisonis,
2289 2926 2392 3001 qui

388 3023 571 3082 iussus
625 3034 849 3100 partem
904 3025 1199 3100 legionum
1249 3028 1374 3102 ipse
1424 3037 1522 3085 aut
1568 3045 1671 3101 per
1716 3026 1897 3084 filium
1944 3025 2005 3082 in
2049 3023 2393 3082 Armeniam

388 3120 595 3180 ducere
637 3131 938 3197 utrumque
995 3123 1343 3197 neglexerat.
1428 3123 1592 3200 Cyrri
1647 3123 1884 3181 demum
1939 3121 2092 3197 apud
2149 3120 2392 3178 hiberna
2416 3137 2454 3181 2

307 3240 372 3287 30
389 3219 667 3276 decumae
722 3219 964 3294 legionis
1020 3237 1361 3292 convenere,
1412 3221 1638 3279 firmato
1694 3219 1866 3288 vultu,
1925 3218 2061 3276 Piso
2117 3217 2391 3275 adversus

389 3325 623 3385 metum,
655 3314 1053 3385 GermanicuS,
1083 3334 1157 3373 ne
1186 3317 1392 3375 minari
1421 3317 1743 3376 crederetur
1757 3336 1774 3388 ‚·
1818 3326 1875 3374 et
1914 3324 2049 3385 erat,
2078 3323 2142 3372 ut
2182 3314 2387 3383 rettuli,

387 3412 736 3471 clementior.
821 3412 923 3470 sed
965 3412 1137 3470 amici
1178 3413 1565 3473 accendendis
1607 3413 2024 3473 offensionibus
2067 3411 2259 3470 callidi
2300 3411 2388 3468 in-
2413 3426 2448 3471 8

391 3507 622 3566 tendere
651 3527 800 3579 vera,
831 3508 1103 3585 adgerere
1145 3507 1289 3567 falsa
1330 3509 1634 3587 ipsumque
1675 3519 1733 3569 et
1766 3509 2108 3569 Plancinam
2149 3521 2207 3567 et
2236 3508 2388 3568 filios
