2594 3925
204 252 318 293 ω.
345 228 453 313 22.]
771 236 1003 287 LIBER
1042 235 1153 287 [Η.
1223 236 1374 286 CAP.
1422 242 1635 304 55-59·
2093 245 2200 306 157

204 395 325 456 a'ras
353 396 544 466 deum,
576 393 788 471 templa
815 403 872 452 et
900 411 1064 452 arcus
1107 392 1329 469 aliaque
1363 393 1528 451 solita
1566 404 1878 465 censerent,
1910 395 2021 453 nisi
2049 395 2205 471 quod

204 496 283 554 M.
335 496 566 555 Silanus
614 513 686 551 ex
736 491 1086 551 contumelia
1129 491 1460 550 consulatus
1517 491 1799 550 honorem
1849 494 2204 570 principibus

203 596 393 671 petivit
424 593 679 667 dixitque
708 608 813 667 pro
832 590 1127 659 sententia,
1144 599 1207 647 ut
1235 588 1480 665 publicis
1502 589 1803 665 privatisve
1832 592 2205 650 monimentis

202 691 271 748 ad
312 690 655 749 memoriam
697 698 1023 764 temporum
1064 705 1188 745 non
1230 687 1536 745 consulum
1577 688 1819 745 nomina
1859 691 2205 764 praescribe-

151 800 180 844 3
199 800 402 860 rentur,
450 787 554 847 sed
602 805 802 846 eorum
847 787 946 863 qui
989 786 1354 844 tribuniciam
1397 794 1741 862 potestatem
1791 796 2065 862 gererent.
2149 797 2208 846 at
2230 811 2257 860 5

201 888 274 960 Q.
330 887 607 946 Haterius
663 905 795 944 cum
851 886 972 945 eius
1030 884 1141 943 diei
1198 894 1427 943 senatus
1486 883 1752 944 consulta
1809 886 1993 944 aureis
2037 887 2207 945 literis

201 985 430 1063 figenda
458 986 520 1042 in
561 985 716 1043 curia
756 983 1085 1053 censuisset,
1131 982 1442 1042 deridiculo
1484 982 1587 1041 fuit
1628 1001 1803 1043 senex
1845 983 2207 1048 foedissimae

198 1083 544 1144 adulationis
570 1091 793 1141 tantum
821 1080 1056 1139 infamia
1082 1099 1299 1140 usurus.

279 1190 388 1242 58.
432 1181 589 1239 Inter
636 1198 781 1256 quae
823 1180 1120 1255 provincia
1167 1179 1363 1239 Africa
1412 1179 1584 1241 Iunio
1629 1180 1838 1241 Blaeso
1882 1191 2206 1259 prorogata,

133 1282 139 1288 ’
203 1280 428 1341 Servius
473 1277 892 1353 Maluginensis
936 1277 1148 1335 flamen
1191 1277 1376 1337 Dialis
1418 1287 1482 1337 ut
1525 1279 1728 1338 Asiam
1774 1291 1925 1339 sorte
1980 1282 2209 1340 haberet
2233 1305 2290 1339 10

199 1379 525 1456 postulavit,
582 1377 786 1436 frustra
846 1376 1140 1453 vulgatum
1197 1377 1465 1436 dictitans
1534 1396 1657 1436 non
1726 1379 1894 1438 licere
1949 1378 2211 1438 Dialibus

201 1478 395 1555 egredi
423 1476 604 1546 Italia,
635 1482 822 1552 neque
851 1475 1005 1533 aliud
1032 1476 1120 1533 ius
1150 1494 1318 1534 suum
1356 1493 1534 1552 quam
1562 1474 1912 1535 Martialium
1942 1477 2211 1549 Quirina-

204 1577 457 1652 liumque
485 1575 819 1633 flaminum:
862 1593 1052 1650 porro,
1084 1574 1133 1631 si
1161 1574 1220 1631 hi
1248 1574 1548 1632 duxissent
1576 1576 1915 1650 provinciaS,
1947 1595 2047 1635 cur
2072 1575 2211 1635 Dia-

204 1677 348 1734 libus
405 1675 465 1732 id
520 1674 796 1731 vetitum?
880 1673 1036 1730 nulla
1087 1672 1158 1730 de
1202 1690 1274 1731 eo
1320 1672 1521 1748 populi
1573 1673 1730 1743 scita,
1778 1691 1900 1732 non
1946 1675 2006 1731 in
2061 1675 2214 1733 libris

150 1788 182 1833 2
205 1772 680 1831 caerimoniarum
707 1769 952 1846 reperiri.
1037 1788 1208 1845 saepe
1247 1769 1553 1845 pontifices
1581 1768 1771 1828 Dialia
1800 1788 1960 1830 sacra
1989 1772 2208 1844 fecisse,
2237 1795 2291 1845 15

206 1872 252 1928 si
269 1870 484 1928 flamen
502 1869 823 1928 valetudine
854 1877 949 1926 aut
976 1885 1210 1925 munere
1240 1866 1475 1943 publico
1497 1868 1878 1943 impediretur.
1963 1871 2216 1947 quinque

204 1981 260 2028 et
302 1969 666 2044 septuaginta
693 1968 861 2027 annis
903 1977 1038 2043 post
1069 1966 1320 2026 Cornelii
1344 1964 1609 2025 *Merulae
1652 1967 1891 2025 caedem
1928 1971 2217 2027 neminem

147 2082 181 2129 3
207 2068 526 2136 suffectum,
577 2084 764 2143 neque
811 2076 1008 2142 tame-n
1054 2065 1367 2123 cessavisse
1412 2065 1733 2140 religiones.
1817 2066 1977 2142 quod
2026 2069 2073 2126 si
2118 2087 2219 2144 per

205 2176 292 2225 tot
333 2183 520 2223 annos
562 2165 744 2240 possit
789 2182 913 2222 non
963 2165 1142 2222 creari
1188 2163 1346 2221 nullo
1390 2180 1684 2222 sacromm
1728 2163 1959 2235 damno,
2004 2176 2218 2242 quanto

145 2276 184 2323 4
207 2265 428 2324 facilius
472 2263 754 2321 afuturum
782 2262 859 2320 ad
898 2263 1069 2319 unius
1104 2262 1242 2319 anni
1283 2261 1693 2337 proconsulare
1722 2263 2062 2338 imperium?
2105 2267 2217 2341 pri·
2239 2291 2300 2325 πο

205 2363 352 2420 vatis
383 2361 525 2418 olim
554 2360 932 2418 simultatibus
960 2360 1244 2429 effectum,
1274 2369 1337 2417 ut
1366 2377 1401 2418 a
1430 2360 1797 2436 pontificibus
1836 2362 2103 2421 maximis
2139 2364 2218 2423 ire

205 2462 268 2520 in
318 2460 647 2537 provincias
695 2458 1165 2536 prohiberentur:
1223 2476 1378 2516 nunc
1429 2457 1602 2516 deum
1651 2476 1886 2517 munere
1933 2478 2220 2521 summum

205 2558 550 2636 pontificum
592 2557 767 2615 etiam
810 2574 1103 2615 summum
1145 2555 1448 2615 hominum
1490 2574 1633 2625 esse,
1669 2575 1791 2616 non
1832 2560 2216 2633 aemulationi,

208 2675 331 2715 non
363 2656 500 2714 odio
530 2665 627 2713 aut
654 2656 884 2732 privatis
913 2654 1331 2720 adfectionibus
1362 2655 1697 2714 obnoxium.

289 2761 398 2813 59.
441 2753 727 2811 Adversus
796 2771 944 2829 quae
1015 2770 1148 2812 cum
1217 2770 1399 2827 augur
1459 2751 1735 2810 Lentulus
1798 2754 2013 2833 ‚aliique
2068 2759 2219 2816 varie
2241 2784 2298 2832 25

208 2853 563 2920 dissererent,
593 2869 665 2910 eo
702 2851 1004 2911 decursum
1044 2861 1130 2909 est
1165 2859 1229 2908 ut
1262 2851 1552 2926 pontificis
1595 2852 1834 2909 maximi
1877 2857 2223 2914 sententiam

148 2972 182 3018 2
207 2950 624 3028 opperirentur.
709 2949 978 3008 Tiberius
1015 2948 1186 3007 dilata
1215 2949 1451 3007 notione
1480 2949 1551 3007 de
1590 2949 1705 3009 iure
1735 2950 1997 3022 flaminis,
2028 2953 2222 3014 decre-

208 3059 298 3108 tas
344 3050 423 3106 ob
465 3047 828 3106 tribuniciam
856 3046 1032 3105 Drusi
1073 3055 1416 3122 potestatem
1452 3049 1831 3107 caerimonias
1872 3055 2221 3127 temperavit,

210 3145 561 3206 nominatim
606 3163 851 3221 arguens
898 3145 1268 3203 insolentiam
1320 3147 1633 3204 sententiae
1684 3165 1996 3224 aureasque
2037 3149 2225 3211 literas

151 3263 183 3308 3
211 3254 422 3305 contra
463 3245 711 3319 patrium
754 3260 993 3301 morem.
1079 3244 1351 3302 recitatae
1394 3255 1449 3302 et
1490 3243 1666 3303 Drusi
1710 3245 1988 3320 epistulae
2023 3266 2227 3324 quam·
2243 3275 2307 3323 30

211 3361 393 3420 quam
444 3342 518 3401 ad
575 3342 921 3400 modestiam
982 3340 1168 3399 flexae
1224 3359 1333 3416 pro
1392 3343 1810 3418 superbissimis
1856 3345 2226 3421 accipiuntur.

213 3442 329 3500 huc
389 3423 673 3499 decidisse
716 3448 952 3510 cuncta,
993 3449 1056 3496 ut
1111 3457 1186 3496 ne
1242 3440 1463 3498 iuvenis
1513 3442 1748 3517 quidem
1795 3450 1957 3501 tanto
2002 3445 2228 3505 honore

217 3546 466 3615 accepto
523 3537 704 3596 adiret
759 3536 916 3596 urbis
974 3536 1132 3607 deOS‚
1183 3536 1578 3613 ingrederetur
1633 3550 1914 3612 senatum,
1941 3545 2228 3620 auspicia
