2594 3925
381 233 457 306 96
830 242 1194 293 CORNELII
1233 241 1324 292 TA
1335 243 1499 293 ειη
1527 242 1950 293 ANM4LJUM
2021 230 2228 314 [auc.
2263 241 2385 305 769.

382 396 713 458 tardaverat.
755 402 895 477 quin
923 410 981 460 et
1008 401 1456 478 Inguiomerum,
1476 411 1598 461 tota
1625 400 1958 470 volitantem
1986 400 2125 470 acie,
2147 398 2385 459 fortuna
2411 410 2448 456 2

381 498 567 572 magis
597 517 772 574 quam
800 501 974 557 virtus
1007 499 1322 559 deserebat.
1407 509 1464 559 et
1492 499 1870 559 Germanicus
1900 517 2019 575 quo
2053 499 2237 574 magis
2275 498 2382 557 ad·
2412 509 2446 554 8

381 606 763 669 gnosceretur,
808 597 1125 657 detraxerat
1174 598 1430 674 tegimen
1477 598 1650 674 capiti
1697 599 2009 674 orabatque
2056 597 2385 655 insisterent

381 693 687 753 caedibus:
730 695 812 753 nil
840 714 991 774 opus
1018 696 1274 773 captiviS,
1306 696 1488 756 solam
1517 695 1952 756 internicionem
1979 695 2168 771 gentis
2195 694 2383 753 finem

329 811 355 860 5
378 790 530 848 bello
558 791 695 852 fore.
736 794 968 871 iamque
994 812 1122 854 sero
1149 794 1262 852 diei
1291 794 1558 870 subducit
1583 813 1656 854 ex
1686 794 1809 853 acie
1834 793 2125 869 legionem
2154 790 2378 851 facien·
2406 801 2446 848 4

381 888 470 947 dis
507 891 738 950 castris:
784 901 1004 951 ceterae
1033 892 1109 950 ad
1150 901 1387 951 noctem
1421 910 1621 951 cruore
1662 891 1914 951 hostium
1951 891 2186 950 satiatae
2223 897 2378 949 sunt.

380 988 597 1062 equites
625 990 892 1066 ambigue
923 1000 1220 1049 certavere.

459 1092 561 1144 22.
611 1086 884 1146 Laudatis
939 1106 1047 1165 pro
1104 1089 1377 1148 contione
1419 1089 1726 1149 victoribus
1776 1088 1992 1148 Caesar
2045 1087 2380 1165 congeriem

379 1201 667 1245 armorum
708 1187 924 1258 struxit,
970 1188 1216 1263 superbo
1259 1206 1396 1247 cum
1437 1188 1637 1248 titulo:
1692 1187 1986 1247 debellatis
2027 1187 2172 1244 inter
2214 1185 2378 1246 Rhe-

305 1303 363 1338 10
380 1300 521 1340 num
547 1282 857 1360 Albimque
891 1286 1220 1344 nationibus
1252 1287 1568 1345 exercitum
1596 1284 1812 1344 Tiberii
1848 1284 2109 1344 Caesaris
2142 1302 2214 1343 ea
2245 1301 2376 1342 mo-

380 1380 639 1438 nimenta
672 1380 847 1440 Marti
878 1393 936 1441 et
970 1381 1093 1442 Iovi
1122 1393 1178 1442 et
1205 1384 1472 1460 Augusto
1501 1384 1825 1443 sacravisse.
1910 1382 1983 1441 de
2009 1400 2070 1441 se
2104 1380 2248 1439 nihil
2275 1381 2378 1439 ad·
2402 1383 2437 1430 2

379 1476 537 1548 didit,
582 1488 740 1537 metu
787 1480 1031 1539 invidiae
1082 1499 1159 1540 an
1204 1491 1360 1540 ratus
1410 1481 1826 1541 conscientiam
1873 1479 2004 1539 facti
2047 1480 2185 1538 satis
2231 1496 2378 1538 esse.

380 1593 518 1635 mox
558 1576 771 1635 bellum
808 1579 868 1636 in
891 1579 1292 1656 Ampsivarios
1334 1580 1598 1639 Stertinio
1635 1579 1889 1647 mandat,
1922 1578 1985 1635 ni
2021 1577 2378 1637 deditionem
2403 1593 2435 1637 3

379 1676 855 1751 properavissent.
938 1687 1108 1753 atque
1149 1677 1230 1735 illi
1277 1679 1569 1756 supplices
1617 1676 1758 1735 nihil
1798 1656 2109 1736 abnuendo
2148 1674 2381 1736 veniam

309 1795 362 1844 15
382 1773 644 1831 omnium
672 1792 961 1852 accepere.

461 1876 558 1930 23.
603 1871 720 1931 Sed
756 1882 969 1933 aestate
1010 1873 1125 1932 iam
1155 1873 1349 1933 adulta
1381 1872 1679 1950 legionum
1717 1874 1862 1932 aliae
1900 1873 2097 1931 itinere
2135 1870 2379 1931 terrestri

382 1970 442 2027 in
482 1969 851 2031 hibernacula
892 1972 1198 2045 remissae;
1248 1973 1439 2049 plures
1483 1955 1696 2032 Caesar
1738 1972 1908 2031 classi
1957 1971 2234 2047 inpositas
2275 1986 2380 2046 per

381 2068 598 2127 flumen
625 2070 910 2130 Amisiam
940 2070 1183 2131 Oceano
1209 2071 1441 2130 invexit.
1525 2090 1593 2131 ac
1621 2071 1805 2148 primo
1837 2069 2130 2147 placidum
2160 2087 2381 2146 aequor
2403 2085 2441 2132 2

380 2166 534 2226 mille
594 2168 827 2227 navium
885 2170 1058 2229 remis
1114 2179 1364 2246 strepere
1424 2178 1522 2228 aut
1574 2169 1711 2228 velis
1772 2168 2002 2245 inpelli:
2057 2184 2196 2227 mox
2254 2177 2379 2227 atro

304 2287 365 2322 20
381 2265 620 2323 nubium
660 2266 835 2341 globo
877 2267 1060 2326 effusa
1099 2267 1342 2343 grand0,
1387 2267 1556 2325 simul
1596 2266 1763 2325 variis
1809 2265 2066 2342 undique
2112 2264 2380 2341 procellis

382 2363 578 2421 incerti
615 2363 822 2423 fluctus
859 2374 1228 2442 prospectum
1265 2364 1534 2435 adimere,
1561 2365 1818 2440 regimen
1853 2363 2144 2440 inpedire;
2187 2363 2378 2421 miles-

381 2478 495 2535 que
543 2462 782 2537 pavidus
829 2472 886 2522 et
927 2480 1167 2522 casuum
1221 2463 1396 2521 maris
1450 2463 1681 2538 ignarus
1739 2462 1877 2521 dum
1931 2462 2120 2519 turbat
2173 2470 2380 2519 nautas

380 2558 470 2616 vel
498 2558 894 2636 intempestive
922 2561 1092 2631 iuvat,
1119 2561 1312 2620 officia
1338 2561 1702 2638 prudentium
1729 2560 2141 2635 corrumpebat.
2201 2575 2379 2616 omne
2403 2577 2438 2623 3

382 2655 588 2715 dehinc
638 2659 861 2717 caelum
910 2669 967 2717 et
1014 2677 1171 2718 mare
1221 2675 1398 2718 omne
1444 2659 1506 2716 in
1554 2668 1812 2716 austrum
1852 2657 2040 2726 cessit,
2083 2655 2181 2732 qui
2228 2656 2379 2713 umi-

302 2776 327 2811 2
335 2777 360 2826 5
380 2753 468 2812 dis
511 2753 856 2816 Germaniae
904 2757 1078 2829 terris,
1127 2756 1423 2834 profundis
1472 2756 1752 2828 amnibuS,
1803 2756 2088 2819 immenso
2135 2754 2380 2812 nubium

384 2860 567 2911 tractu
606 2854 824 2913 validus
865 2864 923 2913 et
970 2856 1156 2932 rigore
1197 2855 1372 2915 vicini
1420 2854 1821 2932 septentrionis
1868 2853 2151 2911 horridior
2195 2852 2383 2929 rapuit

383 2949 720 3029 disiecitque
758 2970 934 3011 naves
971 2954 1034 3011 in
1062 2962 1258 3030 aperta
1287 2953 1512 3013 Oceani
1553 2962 1650 3012 aut
1690 2951 1906 3011 insulas
1944 2951 2097 3009 saxis
2125 2950 2382 3027 abruptis

382 3048 471 3107 vel
504 3067 606 3125 per
631 3050 861 3110 occulta
886 3051 1036 3110 vada
1073 3049 1327 3110 infestas.
1412 3051 1616 3127 quibus
1653 3050 1890 3127 paulum
1926 3065 2213 3125 aegreque
2240 3048 2379 3105 vita-
2400 3064 2442 3113 4

381 3146 473 3218 tis,
510 3158 821 3224 postquam
862 3149 1121 3207 mutabat
1161 3158 1352 3207 aestus
1395 3149 1721 3225 eodemque
1756 3166 1875 3224 quo
1909 3155 2111 3205 ventus
2146 3145 2380 3216 ferebat,

305 3268 366 3315 30
383 3262 506 3304 non
561 3246 867 3305 adhaerere
924 3246 1167 3317 ancoriS,
1224 3263 1346 3305 non
1403 3246 1697 3306 exhaurire
1759 3245 2136 3322 inrumpentis
2193 3243 2380 3302 undas

383 3352 679 3417 poterant:
723 3344 873 3420 equi,
908 3343 1178 3414 iumenta,
1207 3345 1482 3415 sarcinae,
1511 3345 1686 3404 etiam
1721 3362 1880 3402 arma
1917 3342 2379 3420 praecipitantur,

384 3456 501 3514 quo
543 3438 855 3499 levarentur
896 3441 1054 3512 alvei,
1098 3451 1402 3501 manantes
1442 3459 1543 3517 per
1589 3442 1765 3500 latera
1806 3450 1864 3500 et
1904 3440 2081 3498 fluctu
2122 3455 2380 3514 superur·

384 3546 571 3611 gente.
