2594 3925
177 248 295 289 ω).
325 225 432 312 22.]
740 238 975 288 LIBER
1013 239 1125 289 [Π.
1197 239 1352 290 CAP.
1399 234 1615 304 64-68.
2075 234 2181 290 161
2261 293 2264 296 ,

177 394 515 454 Mamercus
555 395 791 473 antiqua
832 395 1103 472 exempla
1143 395 1380 466 iaciens»,
1422 394 1490 458 L.
1538 395 1778 456 Cottam
1825 416 1862 456 a
1913 395 2189 472 Scipione

173 495 478 564 Africano,
509 493 769 554 Servium
809 478 1063 553 Galbam
1103 513 1140 553 a
1177 493 1405 553 Catone
1433 494 1719 565 censorio,
1751 494 1815 554 P.
1846 494 2127 554 Rutilium
2155 511 2192 551 a

116 600 149 646 8
174 592 259 652 M.
300 592 525 653 Scauro
566 602 887 653 accusatos,
969 592 1235 653 videlicet
1276 591 1475 667 Scipio
1512 600 1572 651 et
1599 591 1751 651 Cato
1781 591 1918 652 talia
1947 593 2186 653 ulcisce-

174 694 403 762 bantur,
455 701 553 750 aut
592 691 686 750 ille
730 691 999 763 ScauruS,
1048 708 1224 767 quem
1266 699 1553 766 proavum
1593 707 1766 749 suum
1808 692 2187 767 obprobrium

113 798 149 842 4
172 792 464 849 maiorum
493 788 826 850 Mamercu's
852 790 1052 848 infami
1080 807 1261 864 opera
1289 788 1725 848 dehonestabat.
1797 789 1970 849 Iunio
1999 789 2187 849 Otho·
2211 810 2236 861 5

170 889 230 945 ni
285 888 601 947 literarium
655 887 857 946 ludum
911 905 1181 947 exercere
1231 895 1394 947 vetus
1449 904 1543 945 ars
1588 886 1731 945 fuit:
1789 905 1930 945 mox
1992 887 2187 946 Seiani

170 987 439 1063 potentia
479 995 713 1046 senator
740 988 991 1045 obscura
1017 986 1179 1044 initia
1206 983 1643 1062 impudentibus
1670 986 1828 1045 ausis
1855 985 2186 1062 propollue-

111 1093 145 1139 5
170 1086 288 1144 bat.
375 1084 737 1143 Bruttedium
766 1063 984 1142 artibus
1010 1082 1269 1141 honestis
1307 1082 1619 1159 copiosum
1646 1092 1719 1155 et,
1751 1083 1800 1141 si
1828 1093 2052 1142 rectum
2080 1084 2186 1141 iter

169 1192 459 1260 pergeret,
481 1182 558 1240 ad
578 1181 896 1241 clarissima
915 1199 1181 1258 quaeque
1206 1181 1421 1239 iturum
1442 1179 1729 1240 festinatio
1759 1182 2181 1254 exstimulabat,

169 1282 317 1339 dum
355 1280 628 1359 aequaIiS,
673 1281 809 1340 dein
849 1281 1193 1357 superioreS,
1234 1290 1534 1357 postremo
1574 1291 1830 1340 suasmet
1869 1281 1996 1356 ipse
2047 1299 2181 1358 spes
2207 1306 2266 1340 ιο

110 1386 146 1432 6
169 1380 359 1438 antire
402 1389 602 1456 parat:
652 1378 813 1455 quod
852 1378 1068 1437 multos
1109 1378 1283 1437 etiam
1325 1380 1518 1438 bonos
1565 1397 1806 1454 pessum
1856 1378 2027 1450 dedit,
2080 1381 2180 1455 qui

171 1478 379 1555 spretis
408 1494 557 1554 quae
594 1477 760 1536 tarda
796 1495 932 1536 cum
965 1477 1284 1549 securitate,
1315 1486 1680 1554 praematura
1715 1477 1805 1536 vel
1844 1497 1978 1537 cum
2007 1478 2182 1537 exitio

169 1585 509 1653 properant.
1350 1568 1356 1574 ⁴

254 1681 361 1735 67.
419 1673 655 1732 Auxere
704 1691 1010 1733 numerum
1059 1682 1463 1734 accusatorum
1506 1673 1728 1734 Gellius
1773 1674 2074 1734 Publicola
2123 1685 2180 1734 et

110 1784 142 1829 2
170 1773 260 1833 M.
290 1773 600 1845 Paconius,
630 1772 724 1831 ille
765 1782 1039 1849 quaestor
1082 1772 1276 1844 Silani,
1322 1773 1418 1831 hic
1459 1773 1699 1849 legatus.
1783 1791 1894 1831 nec
1937 1773 2174 1832 dubium
2204 1797 2256 1846 15

167 1872 493 1931 habebatur
533 1871 800 1930 saevitiae
844 1880 1259 1948 captarumque
1308 1871 1685 1947 pecuniarum
1736 1872 1917 1930 teneri
1972 1888 2174 1932 reum:

167 1972 278 2031 sed
318 1970 509 2029 multa
563 1970 988 2046 adgerebantur
1032 1971 1209 2029 etiam
1269 1970 1596 2029 insontibus
1651 1970 1997 2047 periculosa,
2047 1990 2180 2030 cum

169 2087 352 2145 super
379 2078 467 2127 tot
492 2077 789 2128 senatores
815 2068 1091 2129 adversos
1119 2067 1555 2127 facundissimis
1583 2069 1763 2128 totius
1788 2069 1963 2128 Asiae
1993 2088 2181 2145 eoque

169 2167 247 2226 ad
277 2166 674 2226 accusandum
704 2166 936 2226 delectis
964 2166 1340 2243 responderet
1382 2164 1542 2225 solus
1584 2177 1642 2225 et
1680 2167 1888 2225 orandi
1929 2168 2177 2238 nescim,

169 2266 412 2344 proprio
467 2266 529 2323 in
582 2274 758 2332 metu,
808 2266 911 2341 qui
964 2265 1278 2325 exercitam
1335 2283 1571 2342 quoque
1630 2264 2023 2341 eloquentiam
2082 2265 2181 2323 de·
2203 2289 2300 2325 20.

168 2366 371 2436 bilitat,
420 2383 543 2423 non
597 2373 954 2441 temperante
993 2363 1232 2423 Tiberio
1283 2364 1427 2440 quin
1471 2373 1759 2440 premeret
1806 2381 1951 2422 voce
2007 2363 2181 2433 vultu,

168 2481 244 2522 eo
287 2463 453 2539 quod
499 2463 624 2538 ipse
675 2463 1016 2522 creberrime
1065 2463 1471 2539 interrogabat,
1518 2479 1709 2537 neque
1764 2458 2019 2520 refellere
2081 2473 2180 2520 aut

169 2562 404 2620 eludere
447 2561 704 2632 dabatur,
732 2579 802 2621 ac
844 2580 1020 2638 saepe
1063 2562 1239 2620 etiam
1269 2560 1669 2619 confitendum
1698 2569 1838 2630 erat,
1868 2578 1946 2618 ne
1961 2559 2180 2633 ‚frustra

114 2678 146 2723 3
171 2660 561 2736 quaesivisset.
650 2658 861 2718 Servos
903 2678 1139 2737 quoque
1186 2659 1382 2729 Silani,
1412 2669 1477 2717 ut
1517 2659 1821 2718 tormentis
1864 2658 2181 2734 interroga-

170 2769 384 2829 rentur,
414 2766 578 2817 actor
604 2758 869 2835 publicus
896 2758 1192 2834 mancipio
1221 2767 1545 2833 acceperat.
1628 2767 1686 2816 et
1713 2775 1789 2815 ne
1819 2757 1946 2835 quis
1974 2774 2179 2816 neces·
2203 2782 2227 2814 2
2233 2780 2258 2829 5

170 2857 456 2915 sariorum
472 2856 690 2914 iuvaret
709 2855 1147 2931 periclitantem,
1171 2856 1486 2914 maiestatis
1509 2856 1749 2914 crimina
1771 2854 2179 2926 subdebantur,

114 2968 149 3013 4
172 2954 430 3013 vinclum
443 2962 515 3037 ⁸et
540 2953 858 3013 necessitas
886 2953 1109 3012 silendi.
1195 2954 1368 3029 igitur
1393 2955 1576 3031 petito
1605 2971 1929 3030 paucorum
1959 2953 2181 3011 dierum

171 3053 476 3111 interiectu
523 3052 921 3112 defensionem
966 3053 1055 3111 sui
1101 3051 1367 3122 deseruit,
1408 3053 1563 3111 ausis
1606 3052 1680 3111 ad
1722 3052 2039 3112 Caesarem
2080 3070 2179 3111 co·

173 3150 396 3221 dicillis,
426 3151 636 3225 quibus
662 3150 937 3209 invidiam
964 3161 1022 3208 et
1049 3167 1250 3226 preces
1276 3150 1602 3209 miscuerat.

255 3253 362 3307 68.
409 3247 677 3313 Tiberius
730 3267 881 3326 quae
937 3248 999 3306 in
1055 3247 1316 3306 Silanum
1370 3249 1626 3324 parabat,
1677 3265 1795 3324 quo
1851 3248 2178 3306 excusatius
2198 3271 2260 3318 30

176 3348 286 3405 sub
331 3346 602 3424 exemplo
647 3347 1062 3424 acciperentur,
1111 3346 1335 3405 libellos
1381 3347 1494 3405 divi
1545 3346 1794 3422 Augusti
1840 3347 1912 3405 de
1956 3346 2179 3405 Voleso

178 3443 453 3503 Messalla
490 3444 746 3503 eiusdem
775 3441 951 3503 Asiae
979 3461 1089 3520 pro
1123 3444 1366 3504 consule
1396 3444 1731 3520 factumque
1761 3444 1821 3501 in
1849 3462 1984 3502 eum
2013 3461 2180 3502 sena-

177 3551 268 3601 tus
312 3541 639 3602 consultum
681 3542 903 3602 recitari
953 3542 1126 3601 iubet.
1210 3551 1334 3600 tum
1385 3541 1453 3600 L.
1510 3542 1785 3601 Pisonem
1836 3542 2180 3601 sententiam

1157 3659 1202 3697 m
