2594 3925
163 226 290 267 Am.
319 216 398 278 ιὰ,
427 205 533 289 ην]
638 218 864 266 LIBER
909 218 1022 268 [Π.
1093 217 1245 268 CAP.
1280 209 1538 284 ἰδ-[ν.
1577 229 1626 280 ι,
1660 227 1713 270 2.
2067 214 2174 284 167

976 586 1221 646 LIBER
1279 585 1387 647 IV.

247 778 299 831 L
345 770 420 831 C.
458 771 662 832 Asmro
705 771 775 831 C.
822 771 1109 832 ANTISTIO
1148 768 1480 830 consulibus
1509 787 1697 829 nonus
1728 770 1967 830 Tiberio
1997 788 2182 829 annus

166 879 287 927 erat
316 870 682 946 compositae
709 869 792 928 rei
817 869 1099 945 publicae,
1130 869 1389 928 florentis
1416 868 1628 927 domus
1656 866 1818 946 (nam
1848 866 2182 926 Germanici

165 978 422 1026 mortem
470 967 618 1026 inter
664 986 944 1043 prospera
991 964 1281 1044 ducebat),
1332 985 1467 1025 cum
1514 975 1749 1042 repente
1799 967 2025 1023 turbare
2068 964 2184 1022 for-

165 1074 307 1123 tuna
366 1065 576 1141 coepit,
636 1065 851 1124 saevire
908 1066 1033 1141 ipse
1089 1075 1186 1123 aut
1244 1063 1633 1124 saevientibus
1688 1063 1834 1121 vires
1894 1063 2184 1139 praebere.

113 1172 143 1216 2
166 1164 397 1221 initium
453 1172 511 1222 et
566 1182 740 1223 causa
791 1182 974 1240 penes
1021 1163 1251 1223 Aelium
1310 1163 1587 1223 Seianum
1636 1162 1968 1221 cohortibus
2023 1179 2187 1237 prae·
2206 1185 2234 1234 5

167 1261 330 1321 toriis
376 1261 747 1338 praefectum,
778 1263 957 1321 ‘cuius
1001 1263 1073 1322 de
1116 1263 1384 1338 potentia,
1419 1279 1592 1337 supra
1633 1260 1986 1319 memoravi:
2031 1277 2187 1318 nunc

167 1359 475 1435 originem,
507 1378 716 1433 mores,
747 1372 804 1419 et
836 1379 955 1437 quo
1000 1360 1253 1420 facinore
1283 1359 1746 1420 dominationem
1788 1369 2015 1435 raptum
2044 1355 2184 1429 ierit,

116 1466 146 1511 3
170 1457 500 1533 expediam.
584 1460 813 1535 genitus
873 1459 1153 1519 Vulsiniis
1220 1469 1384 1536 patre
1458 1458 1595 1518 Seio
1664 1457 1948 1517 Strabone
2002 1459 2189 1534 equite

174 1554 471 1627 Romano,
516 1567 576 1617 et
620 1558 807 1634 prima
851 1559 1081 1617 iuventa
1130 1557 1346 1616 Gaium
1403 1556 1718 1616 Caesarem
1774 1556 1888 1615 divi
1942 1554 2188 1632 Augusti

176 1664 458 1731 nepotem
499 1666 767 1728 sectatus,
797 1674 919 1715 non
960 1657 1083 1716 sine
1123 1673 1354 1716 rumore
1396 1654 1609 1731 Apicio
1645 1654 1799 1713 diviti
1838 1664 1897 1712 et
1940 1654 2189 1729 prodigo
2214 1676 2271 1711 10

178 1761 443 1828 stuprum
472 1772 623 1813 veno
664 1754 909 1825 dedisse,
935 1772 1076 1813 mox
1106 1754 1413 1814 Tiberium
1452 1753 1619 1812 variis
1661 1753 1876 1811 artibus
1917 1752 2189 1823 devinxit,

180 1850 330 1909 adeo
358 1860 421 1909 ut
449 1852 765 1910 obscurum
793 1852 1096 1912 adversum
1124 1852 1270 1912 alios
1300 1852 1409 1911 sibi
1434 1852 1537 1910 uni
1565 1851 1857 1909 incautum
1885 1851 2187 1909 intectum-

183 1968 294 2026 que
339 1950 603 2023 efficeret,
645 1969 768 2010 non
807 1960 927 2010 tam
970 1951 1219 2012 sollertia
1245 1951 1487 2031 (quippe
1529 1950 1717 2010 isdem
1758 1949 1971 2008 artibus
2010 1948 2192 2008 victus

186 2047 295 2124 est)
342 2056 521 2125 quam
569 2048 744 2108 deum
788 2050 872 2109 ira
928 2051 990 2108 in
1045 2069 1170 2109 rem
1220 2050 1571 2122 Romanam,
1619 2049 1781 2108 cuius
1835 2048 1959 2124 pari
2014 2048 2191 2108 exitio

129 2159 165 2205 4
188 2147 361 2223 viguit
388 2147 725 2223 ceciditque.
782 2166 994 2225 corpus
1022 2148 1098 2206 illi
1124 2148 1393 2207 laborum
1419 2148 1687 2217 tolerans,
1719 2147 1945 2205 animus
1973 2146 2159 2204 audax
2172 2165 2188 2219 ;
2215 2169 2268 2218 15

189 2247 272 2303 sui
313 2247 614 2320 obtegens,
657 2246 719 2303 in
760 2245 905 2304 alios
948 2246 1315 2318 criminator3
1380 2247 1539 2305 iuxta
1587 2245 1843 2304 adulatio
1887 2253 1943 2303 et
1992 2262 2191 2320 super-

190 2344 321 2416 bia3
363 2344 556 2420 palam
585 2345 945 2420 compositus
972 2346 1181 2420 pudor,
1215 2345 1369 2403 intus
1406 2362 1634 2402 summa
1672 2343 1967 2419 apiscendi
1996 2343 2192 2415 libido,

191 2443 423 2518 eiusque
468 2459 641 2500 causa
683 2441 862 2501 modo
906 2442 1133 2518 largitio
1188 2452 1245 2501 et
1290 2442 1476 2513 luxuS,
1516 2441 1747 2517 saepius
1794 2440 2073 2500 industria
2122 2460 2191 2500 ac

192 2539 495 2616 vigilantia,
536 2538 694 2599 haud
733 2540 926 2599 minus
969 2541 1195 2612 noxiae,
1239 2541 1506 2617 quotiens
1549 2539 1814 2617 parando
1856 2557 2041 2617 regno
2090 2539 2195 2598 fin·

193 2647 417 2714 guntur.
2214 2662 2276 2697 πο

271 2742 329 2796 2.
371 2734 511 2793 Vim
566 2735 959 2812 praefecturae
1013 2735 1312 2796 modicam
1367 2744 1539 2795 antea
1595 2735 1859 2807 intendit,
1906 2733 2194 2813 dispersas

195 2853 296 2912 per
319 2834 524 2892 urbem
565 2832 836 2893 cohortes
870 2853 989 2893 una
1031 2835 1093 2892 in
1135 2843 1324 2894 castra
1366 2834 1770 2906 conducendo,
1799 2843 1862 2894 ut
1891 2834 2061 2894 simul
2089 2836 2194 2892 im-

196 2931 351 3008 peria
390 2931 735 3007 acciperent,
764 2949 1119 3009 numeroque
1158 2942 1214 2991 et
1250 2933 1458 2992 robore
1488 2941 1547 2991 et
1573 2932 1699 2991 visu
1726 2934 1870 2991 inter
1900 2951 1961 2991 se
1989 2931 2198 2991 fiducia

146 3045 177 3090 2
198 3030 350 3106 ipsis,
412 3030 472 3088 in
536 3039 755 3089 ceteros
823 3041 1010 3090 metus
1078 3041 1347 3091 oreretur.
1458 3029 1873 3108 praetendebat
1940 3030 2195 3090 lascivire

199 3128 432 3187 militem
480 3127 813 3201 diductum;
865 3130 914 3188 si
957 3129 1095 3205 quid
1138 3130 1392 3188 subitum
1435 3131 1679 3206 ingruat,
1722 3129 1941 3188 maiore
1987 3130 2197 3188 auxilio
2218 3154 2274 3203 25

200 3227 401 3304 pariter
458 3227 780 3299 subveniri3
850 3236 909 3287 et
963 3228 1206 3286 severius
1262 3237 1511 3299 acturos,
1568 3228 1622 3287 si·
1665 3227 1875 3285 vallum
1924 3235 2199 3285 statuatur

150 3339 180 3384 3
201 3325 397 3401 procul
450 3326 606 3383 urbis
663 3325 979 3383 inlecebris.
1081 3335 1145 3384 ut
1194 3325 1452 3402 perfecta
1506 3335 1640 3385 sunt
1690 3333 1894 3396 castra,
1938 3325 2200 3401 inrepere

202 3424 471 3501 paulatim
514 3424 784 3483 militares
826 3424 1052 3482 animos
1095 3422 1385 3496 adeundo,
1421 3424 1804 3501 appelland03
1856 3422 2021 3482 simul
2066 3442 2199 3483 cen-

150 3530 187 3577 4
206 3521 450 3580 turiones
491 3539 560 3580 ac
603 3522 866 3581 tribunos
908 3522 1033 3597 ipse
1077 3521 1345 3599 deligere.
1429 3540 1620 3599 neque
1658 3522 1950 3582 senatorio
1979 3523 2199 3581 ambitu
