2594 3925
171 281 294 321 mn.
330 258 438 341 19.]
766 268 996 317 LIBER
1039 269 1119 318 Η.
1188 268 1342 317 CAP.
1390 262 1604 333 78-82.
2079 273 2187 330 125

109 447 142 491 5
171 429 477 488 vidissent.
564 437 689 486 tum
731 444 838 502 pro
877 426 1253 483 munimentis
1296 426 1513 484 castelli
1555 426 1884 501 manipulos
1926 425 2190 503 explicat,

108 540 145 584 6
173 527 328 585 colle
361 526 545 584 arduo
583 534 640 583 et
675 524 951 600 derupto;
996 542 1138 582 nam
1179 533 1372 582 cetera
1407 524 1551 581 mari
1586 524 1905 599 cinguntur.
1991 533 2194 582 contra

171 624 440 682 veterani
474 622 773 681 ordinibus
815 641 883 680 ac
925 621 1191 679 subsidiis
1234 621 1529 679 instructi:
1573 620 1709 682 hinc
1754 621 2019 692 militum,
2059 620 2192 679 inde

173 722 444 781 locorum
472 721 762 796 asperitas,
797 720 901 778 sed
929 738 1049 778 non
1078 719 1324 791 animus,
1356 737 1479 777 non
1509 737 1658 795 spes,
1689 738 1764 777 ne
1802 719 1915 777 tela
1956 718 2191 795 quidem

111 833 146 881 ’1
177 821 291 878 nisi
333 820 587 895 agrestia
620 828 717 877 aut
760 818 1012 876 subitum
1055 820 1114 875 z’n
1155 835 1326 875 usum
1366 826 1688 893 properata.
1774 827 1837 875 ut
1877 835 2085 875 venere
2125 817 2187 873 in
2210 838 2237 888 5

178 936 412 988 manuS‚
451 935 575 975 non
610 916 759 996 ultra
796 915 1134 987 dubitatum,
1176 933 1353 993 quam
1391 914 1529 973 dum
1576 915 1882 973 Romanae
1926 914 2193 993 cohortes

180 1016 242 1073 in
278 1033 533 1091 aequum
575 1015 958 1073 eniterentur:
1007 1023 1231 1071 vertunt
1274 1022 1441 1089 terga
1482 1010 1694 1071 Cilices
1736 1030 1914 1088 seque
1958 1011 2192 1071 castello

181 1114 477 1173 claudunt.

267 1218 365 1271 81.
411 1211 652 1270 Interim
695 1211 831 1271 Piso
873 1212 1123 1271 classem
1180 1210 1342 1269 haud
1397 1210 1599 1285 procul
1656 1209 2054 1287 opperientem
2094 1209 2193 1267 ad-

182 1328 448 1388 pugnare
475 1309 680 1368 frustra
723 1310 1019 1387 temptavit
1033 1328 1050 1381 ;
1094 1325 1503 1384 regressusque
1546 1317 1602 1365 et
1632 1325 1741 1383 pro
1783 1307 1977 1378 muris,
2011 1306 2188 1366 modo
2215 1330 2272 1363 10

183 1417 371 1467 semet
397 1407 764 1479 adflictando‚
793 1407 972 1467 modo
1009 1405 1268 1482 singulos
1305 1405 1546 1463 nomine
1588 1406 1763 1476 cienS‚
1792 1406 2066 1482 praemiis
2093 1424 2193 1463 vo—

185 1525 344 1577 cans,
385 1506 731 1565 seditionem
771 1506 1092 1581 coeptabat,
1123 1503 1386 1579 adeoque
1430 1514 1836 1575 commoverat,
1865 1514 1929 1562 ut
1964 1503 2195 1581 signifer

126 1616 159 1661 2
185 1606 432 1681 legionis
488 1613 685 1663 sextae
743 1604 975 1681 signum
1025 1602 1100 1662 ad
1158 1621 1293 1661 eum
1337 1602 1702 1661 transtulerit.
1784 1612 1908 1661 tum
1966 1601 2192 1661 Sentius

186 1722 476 1764 occanere
506 1722 725 1763 cornua
754 1703 1038 1778 tubasque
1067 1711 1125 1760 et
1153 1701 1270 1778 peti
1302 1719 1593 1776 aggerem,
1622 1701 1763 1776 erigi
1803 1700 1985 1760 scalas
2015 1701 2191 1770 iussit,

187 1821 256 1860 ac
283 1801 784 1878 promptissimum
812 1819 1104 1877 quemque
1134 1798 1465 1871 succedere,
1499 1799 1642 1858 alios
1671 1800 1971 1857 tormentis
2000 1798 2192 1857 hastas
2216 1823 2271 1871 15

130 1914 162 1957 3
190 1919 331 1959 saxa
359 1909 418 1959 et
454 1899 613 1959 faces
654 1901 931 1977 ingerere.
1017 1899 1253 1957 tandem
1291 1897 1443 1956 victa
1475 1898 1792 1974 pertinacia
1835 1897 1971 1955 Piso
2014 1898 2193 1956 oravit

189 2008 254 2057 ut
281 1998 501 2058 traditis
529 2001 702 2058 armis
737 2008 997 2057 maneret
1039 1998 1101 2055 in
1139 1996 1390 2068 castello,
1420 1996 1561 2055 dum
1591 1996 1822 2068 Caesar,
1851 1997 1941 2055 cui
1973 1995 2198 2055 Suriam

129 2117 167 2159 4
192 2097 564 2173 permitteret,
601 2097 936 2157 consulitur.
1013 2115 1136 2156 non
1168 2105 1437 2171 receptae
1473 2095 1869 2166 condicioneS,
1898 2112 2008 2153 nec
2042 2094 2197 2153 aliud

194 2213 369 2270 quam
397 2214 575 2255 naves
603 2205 661 2254 et
687 2204 875 2254 tutum
903 2196 963 2253 in
991 2196 1193 2252 urbem
1221 2195 1328 2251 iter
1356 2211 1701 2252 concessum
1729 2203 1833 2253 est.

276 2299 376 2352 82.
422 2296 502 2351 At
539 2293 782 2366 Romae,
812 2303 1122 2370 postquam
1152 2291 1489 2351 Germanici
1529 2292 1796 2351 valetudo
1842 2291 2196 2369 percrebruit
2216 2315 2276 2349 20

199 2402 523 2469 cunctaque
577 2403 641 2451 ut
682 2411 755 2451 ex
803 2391 1126 2468 longinquo
1168 2401 1339 2450 aucta
1387 2391 1448 2448 in
1490 2390 1737 2449 deterius
1777 2389 2199 2463 adferebantur,

143 2505 174 2549 2
198 2491 366 2550 dolor
395 2491 479 2549 ira
504 2510 518 2549 z
560 2469 620 2550 et
647 2492 1029 2566 erumpebant
1050 2499 1304 2566 questus.
1361 2488 1495 2548 ideo
1523 2489 1794 2547 nimirum
1822 2490 1883 2546 in
1912 2499 2200 2548 extremas

199 2599 377 2647 terras
434 2588 769 2665 relegatum,
814 2589 944 2647 ideo
1002 2588 1198 2647 Pisoni
1243 2589 1587 2661 permissam
1628 2587 2024 2664 provinciam3
2090 2588 2201 2646 hoc

145 2701 175 2745 3
200 2688 388 2764 egisse
419 2699 671 2745 secretos
699 2689 995 2763 Augustae
1025 2700 1159 2746 cum
1188 2686 1467 2744 Plancina
1495 2703 1811 2745 sermones.
1882 2704 2015 2744 vera
2042 2704 2203 2763 pror-

203 2804 300 2844 sus
331 2786 405 2844 de
434 2784 631 2844 Druso
670 2786 926 2844 seniores
968 2786 1194 2844 locutos
1222 2803 1236 2843 ε
1281 2783 1582 2860 displicere
1616 2785 1989 2860 regnantibus
2021 2786 2205 2843 civilia
2229 2810 2284 2858 25

202 2883 452 2942 filiorum
494 2883 744 2959 ingenia,
781 2901 970 2959 neque
1007 2884 1085 2942 ob
1123 2882 1278 2941 aliud
1313 2883 1676 2958 intercept08‚
1720 2900 1898 2959 quam
1937 2882 2073 2960 quia
2106 2902 2208 2960 po·

204 2981 407 3057 pulum
435 2980 773 3049 Romanum
814 2999 1002 3057 aequo
1038 2981 1156 3039 iure
1191 2980 1501 3057 complecti
1535 2980 1755 3040 reddita
1797 2981 2051 3039 libertate
2091 2982 2211 3058 agi-

146 3093 182 3138 4
205 3079 463 3137 taverint.
532 3078 641 3138 hos
678 3079 833 3155 vulgi
875 3097 1173 3138 sermones
1216 3079 1415 3137 audita
1457 3097 1614 3138 mors
1658 3078 1804 3136 adeo
1849 3079 2121 3150 incendit,
2153 3090 2214 3136 ut

208 3187 341 3235 ante
374 3176 630 3235 edictum
675 3177 1132 3252 magistratuum,
1168 3187 1302 3235 ante
1343 3185 1576 3235 senatus
1614 3177 1942 3235 consultum
1982 3187 2214 3259 sumpto

151 3290 182 3335 5
210 3275 421 3353 iu‘sgitio
451 3274 845 3334 desererentur
882 3274 1021 3345 fora,
1052 3274 1451 3333 clauderentur
1489 3275 1716 3334 domus,
1797 3274 2018 3350 passim
2048 3256 2213 3332 sileri·
2234 3299 2295 3346 30

209 3374 286 3431 tia
315 3384 372 3432 et
407 3374 672 3448 gemituS,
700 3373 839 3431 nihil
868 3373 1256 3449 compositum
1297 3373 1358 3430 in
1395 3373 1842 3431 ostentationem
1858 3390 1875 3444 ;
1921 3381 1978 3430 et
2011 3391 2216 3449 quam-

215 3489 392 3547 quam
437 3490 627 3548 neque
669 3472 992 3547 insignibus
1035 3470 1356 3546 lugentium
1398 3471 1767 3540 abstinerent,
1800 3470 1966 3528 altius
2011 3471 2218 3529 animis

159 3581 193 3630 e
217 3572 568 3629 maerebant.
661 3569 803 3630 forte
868 3570 1272 3645 negotiatoreS,
1331 3569 1551 3627 vivente
1618 3567 1806 3626 adhuc
1865 3569 2219 3628 Germanico
