2594 3925
186 250 323 293 an.
353 227 454 314 26.]
769 239 999 290 LIBER
1037 240 1136 291 JV.
1204 240 1358 290 CAP.
1404 235 1620 306 54-58·
2085 246 2193 307 19⁷

196 398 433 475 quidem
461 397 578 455 iam
607 397 806 473 populi
825 396 1077 455 Romani
1097 398 1285 468 rebus,
1307 398 1571 456 nondum
1594 408 1787 459 tamen
1805 400 1881 459 ad
1909 417 2199 460 summum

191 496 372 567 elatiS,
402 504 584 554 stante
615 494 803 553 adhuc
835 495 1053 554 Punica
1090 498 1244 564 urbe,
1269 506 1327 554 et
1354 497 1554 555 validis
1592 517 1693 573 per
1719 499 1921 556 Asiam
1948 499 2195 573 regibuS.

110 608 155 653 2
191 594 362 652 simul
403 593 472 651 L.
505 592 724 651 Sullam
768 602 972 652 testem
1015 594 1370 666 adferebant,
1400 596 1735 671 gravissimo
1779 597 1838 653 in
1873 596 2198 656 discrimine

189 693 476 751 exercitus
518 692 597 749 ob
641 692 1006 766 asperitatem
1049 692 1250 751 hiemis
1291 702 1349 751 et
1390 694 1689 770 penuriam
1729 694 1916 765 vestiS‚
1962 712 2095 752 cum
2138 694 2199 753 id

191 790 507 865 Zmyrnam
536 789 595 847 in
626 789 960 848 contionem
991 790 1314 849 nuntiatum
1341 790 1503 862 foret,
1533 809 1739 850 omnes
1767 793 1865 868 qui
1895 791 2199 850 adstabant
2222 815 2248 865 5

111 899 155 943 3
190 888 510 947 detraxisse
539 888 769 964 corpori
796 888 1053 963 tegmina
1082 889 1408 966 nostrisque
1441 889 1761 966 legionibus
1796 890 2034 948 misisse.
2117 890 2196 948 ita

187 987 379 1061 rogati
429 985 773 1045 sententiam
817 995 1008 1062 patres
1052 986 1406 1063 Zmyrnaeos
1447 988 1778 1064 praetulere.
1863 987 2197 1063 censuitque

188 1081 399 1142 Vibius
449 1082 698 1154 Marsus,
740 1092 803 1140 ut
846 1082 947 1142 M'.
995 1083 1237 1160 Lepid0‚
1281 1085 1377 1144 cui
1417 1104 1488 1144 ea
1528 1085 1825 1161 provincia
1866 1086 2193 1155 obvenerat,

110 1188 159 1234 4
189 1198 362 1257 super
403 1199 709 1239 numerum
760 1181 1063 1257 legaretur,
1106 1183 1205 1258 qui
1248 1183 1447 1260 templi
1490 1201 1687 1242 curam
1730 1183 2057 1258 susciperet.
2140 1191 2195 1240 et

190 1279 327 1355 quia
354 1278 611 1356 Lepidus
640 1280 767 1355 ipse
799 1279 1046 1355 deligere
1080 1299 1183 1356 per
1212 1281 1559 1341 modestiam
1601 1282 1904 1352 abnuebat,
1929 1280 2193 1340 Valerius
2217 1303 2274 1339 10

191 1374 357 1435 Naso
385 1396 419 1436 e
447 1376 746 1453 praetoriis
775 1387 929 1436 sorte
958 1378 1166 1435 missus
1196 1387 1300 1437 est.

273 1481 374 1537 57.
418 1474 576 1534 Inter
619 1493 767 1551 quae
816 1474 914 1533 diu
967 1475 1243 1536 meditato
1284 1477 1627 1554 prolatoque
1684 1477 1909 1553 saepius
1950 1477 2192 1536 consilio

189 1573 430 1631 tandem
485 1571 703 1632 Caesar
756 1573 817 1630 in
861 1553 1260 1650 'Campaniam
1318 1576 1589 1648 abscessit,
1635 1577 1829 1650 specie
1883 1574 2190 1634 dedicandi

188 1671 406 1747 templa
436 1671 591 1747 apud
626 1669 891 1747 Capuam
928 1670 1070 1743 Iovi,
1100 1674 1257 1750 apud
1292 1672 1507 1732 Nolam
1549 1673 1833 1751 Augusto,
1862 1673 1966 1733 sed
2004 1683 2190 1733 certus

117 1780 156 1825 2
187 1768 392 1844 procul
446 1770 586 1827 urbe
628 1768 856 1844 degere.
941 1788 1175 1829 causam
1217 1772 1521 1831 abscessus
1565 1790 1917 1850 quamquam
1959 1781 2187 1832 secutus
2210 1794 2266 1845 15

186 1865 468 1942 plurimos
496 1875 797 1925 auctorum
839 1867 914 1926 ad
958 1867 1151 1927 Seiani
1191 1879 1341 1928 artes
1381 1871 1580 1943 rettuli,
1609 1872 1744 1948 quia
1784 1881 1978 1930 tamen
2010 1870 2187 1930 caede

185 1965 310 2024 eius
337 1974 560 2042 patrata
587 1983 688 2024 sex
717 1974 919 2043 postea
952 1986 1138 2027 annos
1167 1970 1289 2044 pari
1328 1981 1549 2029 secreto
1592 1971 1904 2041 coniunxit,
1934 1969 2187 2045 plerum-

186 2081 303 2139 que
359 2053 715 2140 permoveor‚
763 2082 904 2123 num
947 2065 1022 2124 ad
1065 2067 1255 2143 ipsum
1305 2067 1494 2126 referri
1535 2070 1718 2127 verius
1762 2070 1849 2139 sit,
1893 2068 2187 2127 saevitiam

118 2176 156 2222 3
185 2179 258 2220 ac
298 2161 592 2220 libidinem
630 2180 764 2220 cum
805 2162 970 2222 factis
1015 2175 1317 2240 promeret,
1358 2166 1501 2225 locis
1538 2167 1940 2226 occultantem.
2024 2176 2186 2225 erant

187 2260 290 2336 qui
331 2261 627 2319 crederent
667 2260 729 2317 in
772 2271 1064 2320 senectute
1106 2265 1367 2339 corporis
1409 2283 1640 2342 quoque
1682 2264 1937 2323 habitum
1979 2264 2184 2341 pudori
2206 2289 2266 2324 20

183 2356 364 2415 fuisse
396 2376 410 2416 ε
473 2357 686 2435 quippe
728 2357 807 2415 illi
848 2361 1214 2436 praegracilis
1256 2372 1314 2420 et
1355 2363 1587 2421 incurva
1627 2363 1955 2439 proceritaS,
1997 2362 2186 2422 nudus

183 2455 396 2532 capillo
443 2465 652 2525 vertex,
695 2455 952 2515 ulcerosa
992 2456 1163 2517 facies
1220 2478 1289 2518 ac
1334 2460 1667 2537 plerumque
1710 2460 2185 2520 medicaminibus

182 2553 579 2625 interstincta3
636 2562 692 2611 et
734 2553 930 2613 Rhodi
979 2566 1200 2616 secreto
1241 2558 1416 2617 vitare
1474 2570 1685 2629 coetuS,
1729 2558 2039 2618 recondere
2081 2577 2185 2617 vo-

117 2661 158 2708 4
182 2651 434 2728 luptates
461 2652 727 2710 insuerat.
807 2653 1044 2712 traditur
1071 2655 1244 2714 etiam
1287 2657 1483 2714 matris
1523 2657 1842 2733 inpotentia
1874 2666 2182 2730 extrusum,

181 2767 366 2827 quam
422 2747 829 2808 dominationis
897 2752 1116 2809 sociam
1185 2755 1598 2828 aspernabatur
1652 2773 1844 2831 neque
1899 2753 2182 2831 depellere
2205 2776 2264 2826 25

181 2856 429 2924 poterat,
474 2864 607 2904 cum
658 2847 1111 2908 dominationem
1166 2851 1354 2927 ipsam
1410 2851 1631 2910 donum
1673 2853 1793 2910 eius
1849 2852 2183 2926 accepisset.

122 2956 157 3002 5
185 2964 326 3004 nam
365 2928 717 3003 dubitaverat
760 2945 1053 3022 Augustus
1096 2947 1529 3020 Germanicum,
1560 2950 1771 3009 sororis
1814 2959 2088 3025 nepotem
2129 2957 2188 3009 et

183 3043 412 3103 cunctis
439 3041 750 3112 laudatum,
780 3044 862 3101 rei
892 3043 1193 3106 Romanae
1220 3048 1538 3122 imponere,
1568 3047 1669 3106 sed
1697 3047 1963 3123 precibus
1991 3047 2184 3106 uxoris

184 3142 403 3200 evictus
447 3139 684 3200 Tiberio
726 3140 1155 3214 Germanicum,
1195 3145 1303 3203 sibi
1335 3144 1635 3204 Tiberium
1675 3144 1928 3204 adscivit.
2010 3143 2185 3219 idque

183 3240 455 3315 Augusta
480 3240 881 3314 exprobrabat,
911 3243 1268 3316 reposcebat.
2202 3266 2266 3313 30

268 3343 375 3396 58.
421 3336 704 3395 Profectio
746 3347 870 3397 arto
911 3340 1190 3398 comitatu
1230 3338 1372 3400 fuit':
1415 3359 1565 3400 unus
1609 3350 1840 3399 senator
1882 3339 2184 3398 consulatu

184 3435 431 3505 functuS,
476 3433 758 3493 Cocceius
815 3434 1021 3507 Nerva,
1069 3438 1162 3496 cui
1222 3438 1416 3514 legum
1470 3439 1683 3516 peritia,
1727 3456 1904 3514 eques
1962 3436 2182 3497 Roma-

187 3550 297 3592 nus
346 3540 575 3614 praeter
616 3532 892 3592 Seianum
948 3552 1022 3592 ex
1073 3535 1401 3595 inlustribus
1455 3535 1687 3597 Curtius
1731 3536 1971 3608 Atticus,
2015 3535 2185 3596 ceteri
