2594 3925
327 248 403 305 94
775 233 1137 286 CORNELII
1176 233 1268 283 TA
1278 234 1443 283 CJTJ
1474 232 1897 283 ANNAHUM
1966 220 2047 305 [Α.
2060 241 2177 284 uc.
2211 232 2325 298 7⁶9·

327 412 463 453 cum
497 391 685 471 equite
715 392 1007 468 sagittario
1035 402 1377 469 ceteraeque
1408 393 1697 452 sociorum
1726 392 2010 452 cohortes
2077 393 2330 451 intentus
2431 403 2434 408 “

326 501 670 569 paratusque
699 491 878 563 mileS‚
907 502 970 550 ut
997 492 1140 551 ordo
1170 491 1420 567 agminis
1450 491 1511 549 in
1540 491 1725 550 aciem
1753 491 2068 578 adsiste—rga

409 594 502 650 17.
544 590 700 649 Visis
742 589 1167 649 Cheruscorum
1217 589 1476 660 caterviS,
1523 608 1670 665 quae
1720 608 1823 665 per
1870 589 2147 649 ferociam
2195 606 2333 666 pro·-

327 697 612 764 ruperant,
666 687 1047 747 validissimos
1103 687 1360 764 equitum
1421 679 1709 746 incurrere
1772 687 1937 759 latuS,
1998 687 2335 747 Stertinium

275 809 304 859 5
327 804 461 845 cum
489 785 692 844 ceteris
727 786 928 844 turmis
957 784 1334 861 circumgredi
1370 794 1648 863 tergaque
1690 785 1963 843 invadere
2004 785 2176 857 iubet,
2206 785 2335 860 ipse

327 884 388 942 in
422 894 681 961 tempore
717 884 1025 942 adfuturus
1109 884 1329 942 interea
1362 883 1810 980 pulcherrimum
1849 884 2167 960 augurium,
2196 893 2335 941 octo
2361 895 2399 940 2

329 983 550 1061 aquilae
592 992 785 1059 petere
829 982 994 1040 silvas
1033 992 1090 1040 et
1130 982 1340 1039 intrare
1379 982 1535 1041 visae
1571 983 1979 1059 imperatorem
2018 981 2335 1041 advertere.

328 1082 613 1141 exclamat
650 1083 812 1152 irent,
843 1091 1212 1156 sequerentur
1253 1079 1555 1139 Romanas
1583 1098 1735 1151 aveS‚
1764 1080 2000 1157 propria
2034 1080 2336 1156 legionum

330 1179 585 1238 numina.
663 1177 830 1237 simul
872 1178 1150 1255 pedestris
1193 1178 1348 1236 acies
1391 1178 1627 1237 infertur
1666 1187 1723 1236 et
1762 1178 2110 1255 praemissus
2152 1196 2336 1254 eques
2360 1196 2398 1241 3

251 1301 312 1337 ιο
327 1288 652 1355 postremos
694 1295 763 1335 ac
804 1276 978 1335 latera
1019 1276 1257 1352 impulit.
1329 1276 1654 1353 mirumque
1696 1276 1870 1347 dictu,
1916 1277 2033 1335 duo
2076 1276 2334 1336 hostium
2360 1292 2402 1337 4

330 1376 566 1451 agmina
615 1374 838 1433 diversa
886 1373 1044 1450 fuga,
1087 1374 1186 1451 qui
1243 1373 1443 1432 silvam
1497 1384 1813 1445 tenuerant,
1857 1376 1918 1433 in
1975 1384 2190 1451 aperta,
2234 1374 2339 1451 qui

329 1474 551 1549 campis
588 1472 939 1544 adstiterant,
969 1473 1031 1530 in
1069 1472 1268 1530 silvam
1304 1473 1559 1531 ruebant.
1642 1472 1819 1531 medii
1854 1473 2002 1531 inter
2039 1473 2146 1531 hos
2182 1472 2337 1531 Che·
2363 1487 2401 1533 5

329 1571 479 1629 rusci
536 1570 772 1629 collibus
828 1570 1294 1641 detrudebantur,
1344 1570 1489 1628 inter
1545 1589 1691 1647 quos
1745 1570 1986 1655 insignis
2034 1570 2337 1629 Arminius

329 1686 508 1728 manu
543 1687 685 1728 voce
722 1668 955 1727 vulnere
995 1670 1349 1727 sustentabat
1390 1687 1665 1745 pugnam.
1747 1669 2202 1745 incubueratque
2241 1688 2336 1727 sa—
2364 1680 2402 1725 6

257 1792 311 1841 15
331 1767 585 1843 gittariiS,
619 1766 723 1844 illa
749 1776 1034 1842 rupturuS,
1069 1767 1128 1824 ni
1166 1766 1484 1825 Raetorum
1513 1766 2063 1843 Vindelicorumque
2097 1776 2156 1825 et
2191 1766 2337 1826 Gal-

330 1865 472 1924 licae
499 1865 765 1924 cohortes
794 1864 961 1946 signa
989 1865 1354 1956 obieci—ssent.
1439 1865 1569 1923 nisu
1606 1873 1804 1923 tamen
1833 1866 2094 1941 corporis
2131 1874 2189 1923 et
2223 1866 2334 1923 im-
2362 1888 2397 1936 '7

327 1975 466 2042 petu
502 1965 633 2043 equi
674 1964 935 2041 pervasit,
965 1962 1173 2023 oblitus
1212 1965 1422 2024 faciem
1464 1982 1572 2023 suo
1609 1982 1831 2035 cruore,
1867 1983 1940 2023 ne
1983 1975 2333 2024 nosceretur.

330 2064 568 2139 quidam
597 2046 897 2140 adgnitum
929 2082 965 2121 a
996 2061 1246 2122 Chaucis
1280 2063 1429 2121 inter
1464 2063 1675 2121 auxilia
1718 2062 1989 2121 Romana
2025 2064 2338 2138 agentibus

330 2162 718 2238 emissumque
752 2161 1120 2220 tradiderunt.
1202 2161 1379 2219 virtus
1408 2178 1512 2245 seu
1538 2160 1691 2219 fraus
1720 2161 1925 2219 eadem
1958 2161 2336 2236 Inguiomero
2362 2183 2403 2228 8

254 2282 315 2318 20
330 2259 608 2335 effugium
634 2259 825 2318 dedit:
870 2260 1042 2317 ceteri
1077 2260 1297 2335 passim
1325 2259 1605 2317 trucidati.
1692 2269 1749 2317 et
1776 2258 2080 2335 plerosque
2105 2268 2336 2317 tranare

330 2357 626 2434 Visurgim
680 2366 960 2416 conantes
1014 2358 1222 2416 iniecta
1277 2356 1392 2414 tela
1439 2366 1538 2414 aut
1586 2356 1669 2415 vis
1716 2356 1986 2427 fluminiS,
2035 2367 2335 2432 postremo

329 2454 514 2513 moles
556 2455 843 2513 ruentium
884 2464 942 2512 et
982 2455 1305 2512 incidentes
1344 2454 1503 2530 ripae
1539 2472 1835 2530 operuere.
1906 2453 2144 2530 quidam
2185 2456 2336 2530 turpi
2360 2476 2399 2520 9

330 2552 466 2628 fuga
493 2552 553 2609 in
581 2570 807 2610 summa
835 2553 1105 2610 arborum
1141 2552 1249 2610 nisi
1282 2553 1574 2628 ramisque
1609 2570 1672 2610 se
1699 2553 2052 2621 occultantes
2080 2553 2334 2612 admotis

330 2650 632 2726 sagittariis
660 2668 764 2726 per
794 2649 1097 2708 ludibrium
1124 2651 1465 2726 figebantur,
1495 2649 1639 2707 alios
1667 2659 1935 2727 prorutae
1963 2652 2199 2710 arbores
2228 2652 2333 2710 ad-

253 2771 310 2821 25
329 2749 545 2808 flixere.

411 2852 507 2904 18.
552 2845 772 2922 Magna
815 2865 884 2906 ea
924 2847 1159 2907 victoria
1200 2866 1391 2924 neque
1434 2857 1669 2906 cruenta
1712 2848 1883 2907 nobis
1922 2847 2044 2906 fuit.
2130 2848 2332 2925 quinta

327 2945 404 3004 ab
446 2944 590 3001 hora
631 2945 742 3002 diei
785 2945 860 3002 ad
902 2956 1138 3003 noctem
1179 2946 1333 3004 caesi
1375 2944 1570 3004 hostes
1612 2945 1813 3004 decem
1855 2945 2010 3002 milia
2050 2964 2331 3021 passuum

329 3041 697 3101 cadaveribus
726 3049 897 3117 atque
925 3043 1099 3101 armis
1127 3043 1454 3118 opplevere,
1477 3043 1711 3119 repertis
1739 3044 1887 3102 inter
1914 3042 2099 3119 spolia
2126 3061 2331 3101 eorum

329 3138 564 3208 catenis,
595 3156 740 3214 quas
778 3138 838 3195 in
883 3137 1186 3197 Romanos
1215 3150 1277 3196 ut
1319 3157 1441 3198 non
1480 3139 1658 3198 dubio
1697 3151 1906 3198 eventu
1942 3149 2327 3217 portaverant.

250 3258 310 3306 30
328 3236 492 3294 miles
530 3236 593 3294 in
630 3235 764 3294 loco
802 3236 1004 3312 proelii
1032 3236 1333 3294 Tiberium
1369 3238 1777 3313 imperatorem
1811 3237 2070 3296 salutavit
2099 3239 2324 3296 struxit·
2351 3257 2389 3302 2

327 3352 439 3410 que
467 3350 743 3408 aggerem
771 3344 828 3392 et
865 3334 925 3391 in
961 3333 1203 3391 modum
1243 3343 1615 3412 tropaeorum
1653 3351 1814 3391 arma
1849 3334 2180 3410 subscriptis
2209 3336 2326 3392 vic-

325 3442 511 3488 tarum
539 3431 799 3505 gentium
827 3431 1158 3488 nominibus
1184 3431 1472 3506 imposuit.

406 3532 506 3586 19.
549 3526 727 3585 Haud
756 3528 995 3603 perinde
1026 3526 1357 3586 Germanos
1384 3527 1633 3597 vulnera,
1664 3526 1864 3596 luctuS‚
1895 3526 2119 3584 excidia
2147 3544 2323 3601 quam
