2594 3925
386 191 496 253 106
827 203 1190 255 CQRNELJJ
1228 200 1319 254 TA
1332 203 1492 255 σῖγ’]
1525 207 1947 258 ANNALJUM
2029 198 2238 281 [rue.
2272 223 2390 275 770-

383 361 647 420 dictator‘
670 361 888 437 populo
933 362 1209 423 Romano
1263 349 1572 440 legaverat,
1616 367 1928 425 sacrarium
1984 367 2143 443 genti
2201 366 2388 425 Iuliae

379 458 711 535 effigiesque
740 460 871 519 divo
899 460 1166 538 Augusto
1195 462 1353 539 apud
1381 463 1630 523 Bovillas
1661 451 1942 525 dieantur.

461 555 529 615 C.
579 556 776 617 Caelio
825 557 893 617 L.
943 559 1270 637 Pomponio
1331 563 1664 622 consulibus
1722 563 2107 623 Germanicus
2164 563 2382 624 Caesar
2408 574 2443 620 2

377 673 428 713 a.
458 655 516 715 d.
544 654 681 715 VII.
711 656 840 715 Kal.
875 657 1072 718 Iunias
1100 660 1474 737 triumphavit
1500 661 1573 719 de
1608 660 1914 721 Cheruscis
1945 662 2286 740 Chattisque
2325 671 2381 720 et

324 778 349 825 5
374 752 724 831 Angrivariis
766 774 1027 834 quaeque
1069 758 1212 816 aliae
1262 760 1525 819 nationes
1573 778 1756 837 usque
1799 761 1874 819 ad
1918 761 2116 819 Albim
2160 760 2379 819 colunt.

375 862 536 911 vecta
576 854 775 931 spolia,
816 856 1040 933 captivi,
1081 857 1389 917 simulacra
1432 859 1739 929 montium,
1768 859 2094 931 fluminum,
2123 859 2377 936 proelio·
2404 871 2438 916 3

372 969 501 1009 rum
523 971 539 1024 3
587 953 930 1032 bellumque,
962 956 1098 1032 quia
1126 956 1417 1015 conficere
1453 947 1774 1033 prohibitus
1802 968 1941 1032 erat,
1968 977 2076 1035 pro
2105 957 2378 1018 confecto

371 1051 774 1127 accipiebatur.
858 1054 1108 1130 augebat
1138 1054 1482 1115 intuentium
1511 1057 1663 1114 visus
1693 1056 1908 1115 eximia
1943 1056 2120 1132 ipsius
2149 1056 2375 1133 species
2401 1065 2438 1110 4

373 1167 688 1227 currusque
717 1149 971 1228 quinque
999 1152 1189 1211 liberis
1223 1161 1484 1213 onustuS.
1568 1154 1670 1213 sed
1713 1155 1945 1213 suberat
1985 1154 2215 1214 occulta
2256 1155 2376 1214 for·
2401 1167 2435 1212 5

295 1270 354 1304 10
371 1248 531 1307 mido
557 1250 951 1325 reputantibus
982 1250 1135 1309 haud
1171 1270 1515 1329 prosperum
1554 1254 1616 1310 in
1644 1252 2030 1330 Druso'patre
2058 1254 2179 1312 eius
2211 1253 2374 1312 favo-

368 1365 490 1405 rem
518 1347 689 1424 vulgi,
719 1350 1067 1408 avunculum
1102 1350 1364 1409 eiusdem
1400 1350 1745 1411 Marcellum
1783 1352 2157 1429 flagrantibus
2187 1352 2375 1428 plebis

373 1445 576 1504 studiis
615 1446 764 1505 intra
810 1447 1099 1525 iuventam
1149 1457 1429 1525 ereptum,
1478 1451 1680 1509 breves
1729 1460 1787 1508 et
1834 1449 2112 1509 infaustos
2166 1448 2375 1526 populi

371 1543 625 1603 Romani
651 1563 894 1604 amoreS.

447 1649 551 1701 42.
594 1642 864 1702 Ceterum
910 1644 1180 1704 Tiberius
1227 1646 1490 1705 nomine·
1515 1645 1849 1705 Germanici
1896 1656 2158 1706 trecenos
2215 1645 2373 1722 plebi

294 1766 348 1815 15
368 1742 657 1802 sestertios
696 1742 900 1801 vin‘tim
940 1742 1099 1801 dedit
1139 1762 1319 1822 seque
1357 1744 1645 1821 collegam
1681 1745 2008 1804 consulatui
2041 1746 2165 1803 eius
2199 1744 2372 1824 desti-

368 1841 538 1899 navit.
623 1859 731 1901 nec
779 1841 912 1901 ideo
955 1842 1214 1902 sincerae
1265 1843 1515 1902 caritatis
1571 1843 1749 1904 fidem
1792 1844 2098 1904 adsecutus
2144 1843 2371 1903 amoliri

366 1940 633 1999 iuvenem
683 1940 875 2018 specie
923 1940 1162 2001 honoris
1211 1941 1406 2001 statuit
1448 1942 1767 2021 struxitque
1814 1960 2020 2003 causas
2075 1951 2174 2001 aut
2222 1940 2371 2002 forte

367 2040 590 2099 oblatas
632 2041 881 2117 arripuit.
982 2059 1086 2100 rex
1142 2040 1464 2099 Archelaus
1522 2042 2105 2119 quinquagensimum
2150 2059 2373 2100 annum
2396 2051 2430 2096 2

369 2138 746 2215 Cappadocia
799 2139 1143 2215 potiebatur,
1193 2139 1411 2198 invisus
1460 2140 1717 2211 Tiberio,
1775 2140 1935 2218 quod
1978 2157 2118 2198 eum
2172 2138 2373 2198 Rhodi

291 2259 352 2293 20
367 2247 635 2312 agentem
663 2237 822 2296 nullo
850 2237 1042 2297 officio
1075 2236 1363 2296 coluisset.
1451 2256 1561 2296 nec
1590 2238 1652 2296 id
1680 2237 1998 2297 Archelaus
2025 2255 2133 2314 per
2166 2256 2369 2314 super·
2397 2250 2430 2296 3

367 2335 526 2393 biam
566 2335 855 2409 omiserat,
887 2336 990 2394 sed
1027 2337 1102 2394 ab
1139 2336 1357 2394 intimis
1383 2337 1636 2412 Augusti
1662 2336 1931 2406 monituS,
1962 2336 2099 2412 quia
2124 2335 2373 2397 florente

368 2431 521 2492 Gaio
551 2432 800 2492 Caesare
828 2434 1126 2511 missoque
1155 2434 1229 2492 ad
1256 2453 1348 2493 res
1387 2435 1623 2494 orientis
1653 2435 1835 2493 intuta
1862 2434 2089 2498 Tiberii
2116 2435 2375 2494 amicitia

366 2531 723 2590 credebatur.
806 2541 868 2589 ut
921 2551 1084 2592 versa
1135 2532 1452 2592 Caesarum
1510 2533 1709 2592 subole
1764 2532 2071 2609 imperium
2128 2533 2374 2610 adeptus
2396 2544 2434 2590 4

369 2639 474 2703 est,
519 2631 670 2689 elicit
724 2630 1073 2690 Archelaum
1119 2632 1319 2691 matris
1375 2632 1583 2702 litteris,
1630 2650 1780 2707 quae
1825 2649 1950 2690 non
2003 2631 2375 2691 dissimulatis

292 2751 350 2801 25
370 2729 469 2786 filii
507 2729 922 2788 offensionibus
961 2729 1328 2788 clementiam
1370 2729 1663 2800 offerebat,
1695 2730 1742 2787 si
1776 2729 1853 2788 ad
1881 2729 2247 2806 precandum
2276 2748 2374 2788 ve-

368 2827 532 2886 niret.
613 2827 705 2885 ille
754 2828 990 2902 ignarus
1037 2827 1152 2887 doli
1208 2827 1314 2898 vel,
1372 2827 1421 2885 si
1478 2826 1809 2902 intellegere
1867 2827 2208 2897 crederetur,
2255 2827 2374 2885 vim
2398 2838 2431 2886 5

369 2936 631 2984 metuens
656 2925 719 2982 in
746 2926 948 2984 urbem
976 2935 1282 3002 properat;
1313 2934 1708 3002 exceptusque
1730 2925 1934 2983 immiti
1961 2944 1997 2983 a
2024 2925 2288 3002 principe
2316 2936 2374 2985 et

367 3040 509 3082 mox
551 3031 854 3081 accusatus
892 3022 956 3079 in
998 3031 1218 3093 senatu,
1248 3042 1373 3082 non
1406 3024 1484 3082 ob
1527 3023 1770 3082 crimina
1796 3039 1947 3098 quae
1984 3022 2371 3099 fingebantur,

372 3120 477 3180 sed
504 3137 742 3195 angore,
772 3119 940 3176 simul
975 3117 1163 3178 fessus
1200 3121 1364 3179 senio
1399 3132 1456 3179 et
1486 3122 1621 3198 quia
1648 3121 1880 3196 regibus
1918 3139 2122 3198 aequa,
2151 3120 2373 3180 nedum

296 3243 357 3292 30
370 3219 572 3277 infima
614 3217 842 3275 insolita
897 3227 1046 3288 sunt,
1092 3211 1271 3276 finem
1326 3220 1473 3279 vitae
1530 3230 1740 3296 sponte
1795 3238 1872 3278 an
1929 3219 2047 3279 fato
2099 3219 2370 3296 implevit.

370 3334 616 3393 regnum
643 3315 704 3373 in
737 3314 1097 3391 provinciam
1122 3316 1428 3375 redactum
1456 3328 1560 3389 est,
1590 3318 1987 3394 fructibusque
2030 3317 2154 3376 eius
2197 3317 2371 3377 levari
2396 3328 2431 3374 6

371 3434 544 3492 posse
598 3415 946 3474 centesimae
1000 3415 1245 3492 vectigal
1300 3416 1593 3492 professus
1650 3415 1866 3475 Caesar
1912 3417 2370 3476 ducentesimam

369 3515 432 3572 in
461 3518 755 3590 posterum
782 3513 989 3572 statuit.
1043 3533 1145 3591 per
1172 3514 1328 3573 idem
1355 3525 1582 3591 tempus
1610 3513 1903 3574 Antiocho
1933 3513 2369 3592 Commageno·
2394 3525 2426 3575 ‘1
