2594 3925
396 223 471 294 78
830 228 1193 279 CORNELII
1232 228 1324 278 TA
1337 228 1496 277 CJTJ
1530 226 1951 276 ANNALJUM
2038 214 2250 296 [tuuc.
2283 223 2392 287 768.

390 387 683 459 instabiliS,
714 387 1158 463 procedentibus
1198 386 1463 458 lubricuS,
1494 405 1740 463 corpora
1780 386 1976 462 gravia
2018 383 2248 454 loricis3
2293 400 2395 439 ne-

392 503 506 561 que
538 485 738 544 librare
766 487 883 561 pila
910 486 1056 544 inter
1083 485 1268 544 undas
1295 494 1579 561 poterant.
1664 494 1866 543 contra
1897 482 2202 542 Cheruscis
2234 490 2399 539 sueta
2422 494 2454 540 8

393 585 547 661 apud
590 583 830 661 paludes
879 585 1114 661 proelia,
1157 584 1402 662 procera
1443 586 1727 654 membra,
1771 582 1971 643 hastae
2012 557 2401 658 ingentem

393 683 626 740 vulnera
682 682 945 741 facienda
998 683 1262 759 quamvis
1311 683 1532 760 procul.
1617 701 1738 740 nox
1788 681 2026 763 demum
2073 678 2402 738 inclinantis
2426 689 2462 733 4

341 803 368 851 5
391 779 507 837 iam
534 780 790 857 legiones
819 781 1091 840 adversae
1120 799 1356 857 pugnae
1385 781 1615 840 exemit.
1704 779 1982 840 Germani
2011 780 2090 838 ob
2116 794 2405 854 prospera
2429 786 2461 831 5

391 876 676 952 indefessi,
712 899 785 939 ne
828 891 953 939 tum
995 880 1232 957 quidem
1274 889 1507 955 sumpta
1541 879 1748 956 quiete,
1789 888 2070 955 quantum
2113 893 2404 953 aquarum

391 975 608 1034 circum
638 979 1000 1055 surgentibus
1033 979 1183 1054 iugis
1211 978 1390 1038 oritur
1427 988 1643 1037 vertere
1681 978 1753 1052 in⁴
1785 977 2059 1046 subiecta,
2089 992 2404 1051 mersaque

392 1074 572 1135 humo
599 1085 655 1135 et
682 1079 892 1136 obruto
921 1078 1080 1155 quod
1109 1077 1381 1137 effectum
1422 1078 1615 1155 operis
1652 1077 1978 1152 duplicatus
2014 1074 2178 1132 militi
2213 1073 2403 1132 labor.

392 1174 941 1251 quadragensimum
983 1176 1043 1234 id
1073 1177 1425 1252 stipendium
1457 1176 1713 1238 Caecina
1739 1175 1981 1251 parendi
2025 1183 2122 1232 aut
2163 1173 2404 1249 imperi·
2431 1183 2467 1228 6

316 1293 374 1328 10
389 1273 547 1330 tandi
582 1273 847 1344 habebat,
880 1274 1262 1333 secundarum
1300 1275 1816 1351 ambiguarumque
1851 1291 2044 1331 rerum
2078 1273 2269 1330 sciens
2298 1289 2403 1329 eo-

391 1388 505 1446 que
534 1371 835 1430 interritus.
918 1373 1089 1449 igitur
1117 1373 1305 1431 futura
1333 1373 1570 1432 volvens
1598 1391 1720 1431 non
1749 1371 1902 1430 aliud
1931 1371 2185 1447 repperit
2218 1387 2403 1446 quam
2431 1376 2463 1423 ’1

388 1478 452 1525 ut
480 1468 709 1527 hostem
727 1471 889 1541 ,silvis
919 1477 1226 1551 coerceret,
1259 1471 1451 1547 donec
1485 1472 1663 1529 saucii
1693 1478 2092 1548 quantumque
2118 1467 2403 1545 gravioris

391 1565 638 1640 agminis
667 1568 980 1640 anteirent3
1026 1588 1163 1627 nam
1191 1569 1388 1628 medio
1418 1569 1709 1653 montium
1736 1580 1792 1627 et
1819 1567 2095 1644 paludum
2134 1566 2402 1642 porrige-

391 1664 556 1722 batur
583 1665 863 1741 planities,
894 1684 1041 1744 quae
1070 1677 1307 1726 tenuem
1342 1668 1527 1727 aciem
1565 1676 1871 1744 pateretur.
1956 1665 2288 1741 deliguntur
2315 1664 2401 1722 le·
2427 1669 2466 1713 8

315 1785 370 1833 15
391 1762 597 1836 giones
624 1765 825 1839 quinta
861 1764 1064 1823 dextro
1098 1765 1275 1837 lateri,
1305 1767 1762 1825 unetvicensima
1788 1766 1849 1824 in
1877 1764 2120 1835 laevum,
2148 1762 2402 1838 primani

390 1859 723 1920 ducendum
752 1862 825 1920 ad
854 1881 1084 1940 agmen,
1112 1865 1538 1924 vicensimanus
1577 1864 1881 1923 adversum
1910 1872 2227 1921 secuturos.

473 1966 579 2020 65.
623 1959 760 2019 Nox
814 1981 918 2038 per
973 1961 1198 2022 diversa
1242 1965 1482 2042 inquieS,
1529 1983 1665 2023 cum
1710 1962 1934 2023 barbari
1984 1960 2142 2021 festis
2190 1960 2400 2037 epuliS,

390 2058 541 2117 laeto
584 2070 758 2118 cantu
799 2070 898 2118 aut
938 2049 1085 2120 triici
1128 2080 1340 2148 sonore
1386 2064 1642 2122 subiecta
1683 2062 1913 2120 vallium
1956 2079 2025 2119 ac
2067 2051 2400 2119 resultantis

392 2157 569 2217 saltus
603 2158 977 2235 complerent,
1008 2162 1165 2236 apud
1206 2137 1786 2221 Romanos-ffalidi
1823 2160 2005 2237 igneS,
2040 2160 2397 2233 interruptae
2467 2221 2470 2222 ⁷

312 2277 373 2312 20
389 2273 579 2328 voceS,
629 2266 800 2333 atque
854 2257 965 2333 ipsi
1025 2260 1244 2335 passim
1302 2261 1630 2320 adiacerent
1671 2259 1836 2329 vallo,
1886 2259 2217 2316 oberrarent
2265 2266 2396 2314 ten-

390 2354 566 2425 toriis,
611 2355 909 2414 insomnes
954 2358 1140 2434 magis
1198 2377 1375 2436 quam
1423 2358 1739 2436 pervigiles
1824 2356 2148 2431 ducemque
2193 2355 2397 2413 terruit
2424 2364 2460 2409 2

391 2452 514 2510 dira
553 2453 712 2527 quies
738 2472 751 2511 ε
796 2472 934 2512 nam
963 2455 1306 2527 Quintilium
1336 2457 1560 2515 Varum
1602 2454 1882 2541 sanguine
1916 2439 2159 2512 oblitum
2194 2462 2252 2510 et
2288 2471 2394 2528 pa-

390 2550 615 2610 ludibus
653 2570 942 2612 emersum
977 2573 1211 2614 cernere
1251 2567 1309 2615 et
1348 2554 1541 2614 audire
1578 2554 1730 2613 visus
1762 2561 1849 2611 est
1880 2551 2033 2609 velut
2065 2561 2390 2621 vocantem,

389 2667 510 2707 non
573 2660 767 2709 tamen
834 2653 1145 2712 obsecutus
1215 2664 1273 2712 et
1328 2672 1566 2712 manum
1638 2650 1987 2710 intendentis
2053 2648 2388 2725 reppulisse.

311 2768 367 2819 25
389 2757 596 2824 coepta
636 2747 761 2806 luce
804 2750 1012 2808 missae
1055 2751 1115 2807 in
1156 2751 1335 2809 latera
1375 2752 1652 2827 legiones,
1683 2758 1842 2807 metu
1884 2766 1961 2805 an
2003 2748 2390 2820 contumacia,
2419 2758 2456 2804 3

389 2845 583 2904 locum
627 2845 945 2916 deseruere,
983 2860 1156 2924 capto
1206 2867 1454 2926 propere
1496 2865 1706 2924 campo
1748 2846 2005 2905 umentia
2037 2845 2200 2904 ultra.
2285 2865 2391 2905 ne·
2417 2854 2459 2900 4

388 2962 502 3019 que
546 2954 742 3002 tamen
791 2944 1086 3005 Arminius
1135 2965 1490 3023 quamquam
1533 2947 1714 3004 libero
1752 2946 1987 3003 incursu
2025 2945 2218 3003 statim
2252 2963 2387 3022 pro-

387 3043 573 3117 rupit:
617 3042 719 3101 sed
759 3051 823 3100 ut
864 3043 1101 3103 haesere
1143 3062 1330 3103 caeno
1372 3045 1656 3122 fossisque
1701 3042 2136 3118 impedimenta,
2181 3043 2391 3102 turbati

387 3142 605 3200 circum
633 3141 857 3213 milites,
887 3142 1135 3202 incertus
1165 3145 1465 3218 signorum
1501 3143 1662 3213 ordo,
1691 3149 1870 3217 utque
1904 3140 2003 3197 tali
2037 3140 2097 3197 in
2125 3148 2389 3218 tempore

307 3261 368 3309 30
388 3239 494 3296 sibi
537 3239 778 3316 quisque
819 3258 1100 3317 properus
1141 3250 1199 3299 et
1239 3241 1428 3301 lentae
1466 3236 1772 3299 adversum
1806 3238 2047 3313 imperia
2089 3257 2271 3310 aureS,
2299 3239 2388 3298 in-

386 3354 648 3411 rumpere
699 3337 1028 3398 Germanos
1083 3340 1256 3411 iubet,
1307 3339 1609 3399 clamitans
1656 3343 1670 3368 ‘
1693 3355 1768 3395 en
1813 3336 2005 3395 Varus
2062 3337 2387 3414 eodemque

386 3434 587 3490 iterum
636 3434 755 3493 fato
804 3438 1023 3515 vinctae
1069 3437 1328 3513 legiones
1355 3441 1367 3495 1
1390 3438 1404 3462 ’
1456 3437 1630 3520 simul
1668 3436 1812 3494 haec
1857 3445 1915 3523 Ξῖ
1965 3454 2100 3494 cum
2148 3436 2386 3495 delectis
2414 3448 2451 3495 5

386 3531 591 3589 scindit
645 3552 859 3610 agmen
905 3535 1180 3611 equisque
1231 3535 1484 3593 maxime
1532 3534 1768 3594 vulnera
1818 3535 2042 3610 ingerit.
2127 3533 2204 3591 illi
2250 3551 2384 3593 san·
2410 3546 2449 3593 6
