2594 3925
156 248 278 288 Μ).
307 225 421 309 ι4.]
777 239 1010 288 LIBER
1048 240 1097 289 J.
1161 239 1312 289 CAP.
1356 244 1564 305 13-17,
2099 241 2177 304 53

155 393 504 452 moderante
533 393 769 454 Tiberio
803 415 878 454 ne
905 396 1098 472 plures
1131 416 1310 474 quam
1342 406 1611 473 quattuor
1639 394 1984 456 candidatos
2012 411 2178 454 com-

107 504 134 548 3
155 492 484 564 mendaret,
533 493 654 553 sine
701 494 931 570 repulsa
977 505 1034 554 et
1080 497 1302 554 ambitu
1351 494 1761 572 designandos
1843 495 1990 552 inter
2030 510 2180 569 quae

153 591 373 649 tribuni
414 590 604 667 plebei
641 593 905 668 petivere,
939 603 1002 651 ut
1037 594 1274 670 proprio
1310 602 1544 669 sumptu
1583 592 1821 651 ederent
1859 591 2046 663 ludos,
2081 590 2180 667 qui

102 698 134 742 4
155 688 230 747 de
268 690 521 748 nomine
562 690 806 765 Augusti
841 690 997 749 fastis
1036 691 1212 750 additi
1248 689 1600 768 Augustales
1636 698 1993 751 vocarentur.
2078 687 2180 746 sed

158 787 398 881 decreta
424 789 674 863 pecunia
707 808 779 847 ex
816 790 1053 861 aerari0,
1082 801 1258 866 utque
1291 809 1398 867 per
1426 791 1645 848 circum
1672 787 1997 864 triumphali
2025 794 2181 845 veste
2203 809 2229 856 5

102 900 137 944 5
159 895 505 944 uterentur:
578 905 747 945 curru
799 887 929 947 vehi
985 887 1142 946 haud
1204 890 1567 965 permissum.
1677 905 1820 946 mox
1874 884 2180 967 celebratio

162 1003 360 1042 annua
403 985 484 1043 ad
525 995 849 1061 praetorem
886 987 1178 1060 translata,
1224 989 1317 1047 cui
1357 989 1504 1047 inter
1551 987 1705 1046 cives
1745 995 1804 1045 et
1843 983 2180 1062 peregrinos

162 1082 480 1142 iurisdictio
523 1084 817 1142 evenisset.
1047 1066 1054 1077 ’

237 1187 337 1240 16.
394 1180 515 1239 Hic
564 1200 753 1240 rerum
800 1184 1152 1241 urbanarum
1207 1192 1389 1243 status
1437 1195 1577 1257 erat,
1627 1202 1763 1243 cum
1812 1179 2182 1241 Pannonicas

163 1278 431 1355 legiones
478 1279 679 1339 seditio
724 1280 973 1350 incessit,
1024 1282 1191 1339 nullis
1239 1283 1405 1341 novis
1449 1283 1656 1353 causiS,
1700 1282 1809 1341 nisi
1856 1279 2014 1358 quod
2056 1296 2180 1335 mu·
2208 1299 2264 1333 ιο

162 1389 314 1437 tatus
375 1378 647 1454 princeps
695 1378 985 1437 licentiam
1040 1381 1336 1438 turbarum
1385 1390 1442 1439 et
1492 1400 1566 1439 ex
1617 1381 1765 1440 civili
1820 1379 1973 1438 bello
2018 1393 2182 1452 spem

107 1491 139 1537 2
159 1477 557 1555 praemiorum
600 1476 957 1535 ostendebat.
1043 1479 1240 1536 castris
1284 1479 1514 1536 aestivis
1558 1488 1670 1536 tres
1714 1477 1882 1536 simul
1922 1475 2181 1551 legiones

160 1575 545 1643 habebantur,
587 1574 948 1650 praesidente
1004 1574 1174 1633 Iunio
1233 1575 1460 1647 Blaeso,
1505 1577 1603 1654 qui
1657 1575 1772 1634 fine
1823 1573 2072 1650 Augusti
2128 1580 2185 1629 et

159 1675 334 1732 initiis
384 1671 610 1730 Tiberii
652 1673 857 1731 auditis
899 1675 979 1731 ob
1028 1674 1304 1732 iustitium
1347 1684 1447 1733 aut
1487 1674 1765 1750 gaudium
1807 1672 2184 1731 intermiserat

104 1785 136 1830 3
159 1772 331 1831 solita
375 1770 594 1828 munia.
677 1788 750 1828 eo
799 1770 1082 1846 principio
1123 1771 1381 1831 lascivire
1432 1773 1613 1844 mileS,
1658 1770 2008 1841 discordare,
2051 1787 2183 1845 pes-
2205 1792 2263 1840 15

158 1870 292 1928 simi
339 1868 620 1942 cuiusque
659 1869 1021 1927 sermonibus
1060 1871 1336 1945 praebere
1378 1889 1562 1941 aureS,
1599 1871 1849 1947 denique
1886 1869 2090 1927 luxum
2128 1876 2185 1925 et

100 1981 136 2026 4
157 1969 350 2027 otium
406 1985 636 2043 cupere,
691 1968 1052 2044 disciplinam
1109 1979 1166 2027 et
1220 1967 1479 2028 laborem
1537 1970 1847 2047 aspernari.
1947 1977 2068 2026 erat
2122 1968 2181 2025 in

158 2067 367 2126 castris
410 2065 764 2124 Percennius
805 2066 1057 2141 quidam,
1098 2067 1215 2125 dux
1257 2068 1400 2126 olim
1447 2068 1807 2127 theatralium
1857 2084 2181 2142 operarum,

159 2166 296 2225 dein
324 2166 627 2241 gregarius
658 2164 838 2235 mileS,
868 2184 1089 2241 procax
1127 2166 1321 2241 lingua
1357 2176 1415 2225 et
1442 2167 1683 2228 miscere
1720 2175 1919 2225 coetus
1957 2165 2183 2234 histrio-

103 2275 136 2321 5
160 2265 281 2323 nali
334 2262 526 2342 studio
576 2262 796 2322 doctus,
878 2263 927 2321 is
981 2264 1260 2339 inperitos
1311 2265 1538 2325 animos
1592 2274 1651 2324 et
1704 2266 1995 2340 quaenam
2050 2272 2183 2339 post
2206 2285 2266 2319 20

162 2363 500 2439 Augustum
554 2361 781 2419 militiae
839 2362 1108 2420 condicio
1165 2363 1528 2438 ambigentes
1577 2363 1848 2439 inpellere
1903 2360 2182 2438 paulatim

161 2461 468 2522 nocturnis
518 2459 836 2535 conloquiis
888 2470 987 2518 aut
1033 2461 1188 2520 flexo
1237 2461 1299 2519 in
1348 2479 1653 2537 vesperam
1703 2461 1796 2519 die
1845 2469 1904 2519 et
1947 2458 2182 2535 dilapsis

164 2560 505 2619 melioribus
548 2557 916 2616 deterrimum
959 2576 1251 2634 quemque
1294 2577 1667 2634 congregare.

245 2666 344 2720 17.
388 2657 690 2716 Postremo
746 2658 1028 2733 promptis
1092 2659 1208 2716 iam
1258 2667 1321 2740 et
1378 2657 1500 2716 aliis
1557 2657 1855 2716 seditionis
1912 2655 2183 2715 ministris

166 2758 320 2816 velut
362 2755 869 2815 contionabundus
909 2757 1313 2831 interrogabat,
1355 2773 1456 2814 cur
1493 2756 1692 2831 paucis
1733 2755 2179 2823 centun’onibuS,
2202 2777 2261 2825 25

111 2865 145 2910 2
167 2841 536 2931 paucioribus
565 2853 803 2912 tribunis
831 2853 893 2910 in
921 2852 1163 2912 modum
1191 2869 1485 2912 servorum
1514 2853 1869 2913 oboedirent.
1945 2851 2181 2928 quando

167 2966 412 3008 ausuros
453 2966 773 3024 exposcere
821 2947 1089 3017 remedia,
1135 2948 1245 3006 nisi
1287 2966 1505 3006 novum
1546 2958 1604 3006 et
1644 2955 1944 3005 nutantem
1990 2946 2181 3004 adhuc

108 3060 141 3106 8
167 3047 496 3124 principem
537 3048 807 3122 precibus
847 3046 938 3104 vel
979 3047 1152 3104 armis
1197 3045 1459 3105 adirent?
1536 3045 1671 3104 satis
1716 3063 1821 3120 per
1869 3054 1953 3103 tot
1998 3060 2183 3103 annos

169 3145 402 3221 ignavia
454 3153 777 3220 peccatum,
821 3144 981 3219 quod
1036 3145 1252 3203 tricena
1309 3153 1407 3203 aut
1465 3144 1840 3221 quadragena
1894 3141 2185 3217 'stipendia

168 3260 337 3301 senes
382 3250 441 3300 et
488 3242 744 3317 plerique
793 3251 1056 3301 truncato
1112 3260 1185 3299 ex
1241 3241 1569 3299 vulneribus
1620 3258 1863 3316 corpore
1916 3239 2176 3297 tolerent.
2196 3263 2262 3309 30

107 3351 145 3396 4
168 3359 243 3399 ne
286 3340 534 3398 dimissis
576 3339 810 3417 quidem
860 3342 1038 3398 finem
1086 3358 1212 3398 esse
1261 3339 1508 3410 militiae,
1553 3339 1654 3397 sed
1703 3338 1859 3415 apud
1909 3337 2182 3394 vexillum

107 3448 142 3494 5
167 3439 468 3498 tendentes
510 3437 623 3498 alio
660 3439 943 3498 vocabulo
979 3437 1220 3496 eosdem
1255 3438 1487 3497 labores
1526 3436 1789 3512 perferre.
1873 3453 1944 3493 ac
1975 3435 2021 3492 si
2050 3436 2179 3511 quis

167 3548 254 3597 tot
285 3555 456 3597 casus
489 3537 602 3596 vita
643 3537 1006 3615 superaverit,
1046 3535 1191 3595 trahi
1228 3535 1421 3596 adhuc
1461 3535 1710 3598 diversas
1746 3536 1808 3593 in
1851 3543 2050 3606 terraS,
2079 3533 2178 3608 ubi
