2594 3925
396 206 504 260 168
841 210 1202 259 CORNELII
1242 213 1331 260 TA
1344 213 1504 262 CJTJ
1539 212 1958 262 ANNALJUM
2037 202 2242 286 [A.u.c.
2274 217 2381 280 776·

386 366 706 425 abstinebat
760 366 997 427 clientes
1045 387 1182 428 suos
1231 368 1559 430 honoribus
1615 381 1712 431 aut
1759 372 2070 448 provinciis
2118 374 2381 445 ornandi,

385 464 533 523 facili
561 465 796 525 Tiberio
824 476 995 543 atque
1033 468 1112 547 ita
1139 486 1346 544 prono,
1375 478 1437 528 ut
1471 470 1696 529 socium
1729 470 1996 530 laborum
2038 490 2162 531 non
2205 473 2382 531 modo

385 565 444 620 in
473 566 850 638 sermonibus,
879 566 981 625 sed
1010 566 1164 643 apud
1192 577 1383 644 patres
1415 576 1472 626 et
1500 567 1784 645 populum
1813 569 2125 629 celebraret
2153 570 2383 647 colique

381 681 485 739 per
523 663 742 723 theatra
781 674 840 724 et
877 664 1005 725 fora
1043 664 1265 741 effigies
1306 666 1428 725 eius
1468 667 1731 744 interque
1771 667 2055 745 principia
2080 667 2381 745 legionum

333 785 359 833 5
385 762 613 846 sineret.
1669 835 1676 840 ‚

461 869 518 922 3.
562 863 829 923 Ceterum
869 851 1044 940 plena
1074 862 1390 922 Caesarum
1428 863 1652 934 domus,
1682 864 1902 924 iuvenis
1944 865 2110 937 filius,
2140 876 2385 942 nepotes

381 961 554 1047 adulti
593 981 820 1022 moram
861 963 1068 1039 cupitis
1110 962 1446 1021 adferebant
1463 982 1491 1039 ;v
1524 972 1583 1021 et
1609 963 1745 1039 quia
1771 963 1826 1020 vi
1866 972 1953 1022 tot
1994 965 2164 1023 simul
2208 968 2383 1024 corri-

378 1047 513 1135 pere
553 1061 820 1132 intutum,
871 1061 1040 1120 dolus
1085 1062 1379 1121 intervalla
1434 1060 1714 1119 scelerum
1769 1063 2065 1137 poscebat.
2168 1063 2386 1139 placuit

379 1168 573 1217 tamen
621 1159 898 1219 occultior
943 1161 1035 1218 via
1080 1170 1137 1219 et
1186 1181 1223 1221 a
1265 1161 1458 1220 Druso
1506 1159 1776 1236 incipere,
1826 1160 1888 1217 in
1937 1179 2114 1242 quem
2166 1165 2386 1222 recenti

303 1279 360 1314 10
378 1257 460 1316 ira
491 1257 787 1316 ferebatur.
871 1277 1008 1317 nam
1046 1258 1269 1318 Drusus
1304 1259 1593 1335 inpatiens
1634 1258 1847 1318 aemuli
1879 1266 1938 1316 et
1976 1259 2175 1317 animo
2220 1278 2383 1318 com·
2409 1271 2441 1314 2

376 1357 585 1415 motior
625 1367 754 1415 orto
792 1355 936 1416 forte
979 1357 1167 1434 iurgio
1206 1358 1532 1417 intenderat
1576 1357 1788 1417 Seiano
1830 1375 2040 1416 manus
2083 1367 2142 1415 et
2186 1368 2386 1418 contra

377 1454 661 1513 tendentis
701 1472 769 1513 os
800 1456 1207 1515 verberaverat.
1290 1456 1464 1533 igitur
1503 1465 1713 1515 cuncta
1740 1455 2043 1531 temptanti
2070 1458 2384 1533 promptis·
2408 1472 2440 1517 3

377 1553 586 1609 simum
613 1552 798 1610 visum
839 1554 913 1612 ad
955 1572 1199 1613 uxorem
1239 1554 1364 1613 eius
1402 1554 1628 1614 Liviam
1667 1562 2012 1625 convertere,
2043 1571 2194 1630 quae
2223 1573 2388 1615 soror

378 1648 726 1720 Germanici,
775 1649 996 1709 formae
1038 1650 1203 1710 initio
1251 1652 1450 1711 aetatis
1495 1651 1821 1723 indecorae,
1867 1669 2010 1709 mox
2064 1652 2383 1727 pulchritu-

306 1770 356 1819 15
379 1747 510 1806 dine
539 1748 934 1824 praecellebat.
1017 1749 1170 1808 hanc
1195 1759 1260 1806 ut
1287 1767 1489 1808 amore
1525 1749 1798 1809 incensus
1826 1749 2103 1809 adulterio
2130 1751 2383 1826 pellexit,

377 1854 434 1903 et
471 1857 780 1922 postquam
820 1846 991 1922 primi
1031 1847 1235 1924 flagitii
1276 1848 1494 1923 potitus
1534 1856 1623 1906 est
1659 1845 1872 1926 (neque
1911 1848 2127 1906 femina
2169 1850 2387 1908 amissa

375 1945 646 2022 pudicitia
687 1947 799 2006 alia
841 1944 1252 2024 abnuerit),·ad
1294 1946 1552 2024 coniugii
1592 1966 1777 2024 spem,
1818 1946 2177 2008 consortium
2216 1946 2386 2023 regni

375 2056 434 2103 et
471 2064 676 2104 necem
714 2046 901 2104 mariti
929 2045 1170 2121 impulit.
1252 2055 1426 2121 atque
1459 2046 1571 2118 illa,
1600 2047 1695 2104 cui
1723 2047 2037 2106 avunculus
2064 2048 2381 2123 AugustuS‚
2408 2055 2446 2101 4

375 2162 540 2203 socer
566 2144 847 2214 Tiberius,
878 2161 952 2202 ex
992 2143 1187 2203 Druso
1223 2143 1400 2213 liberi,
1430 2162 1607 2221 seque
1645 2163 1715 2203 ac
1754 2145 2001 2205 maiores
2029 2155 2088 2204 et
2113 2155 2383 2222 posteros

300 2266 358 2300 20
375 2242 706 2318 municipali
738 2242 995 2302 adultero
1032 2241 1315 2314 foedabat,
1349 2253 1412 2301 ut
1448 2261 1554 2319 pro
1592 2243 1847 2304 honestis
1886 2253 1943 2303 et
1982 2246 2382 2322 praesentibus

376 2340 662 2416 flagitiosa
715 2351 772 2400 et
827 2341 1042 2401 incerta
1097 2350 1472 2418 exspectaret.
1554 2343 1795 2401 sumitur
1842 2343 1903 2400 in
1959 2344 2381 2404 conscientiam
2408 2354 2443 2401 5

375 2438 686 2511 EudemuS,
729 2438 953 2499 amicus
994 2458 1064 2499 ac
1112 2439 1375 2498 medicus
1423 2439 1638 2511 Liviae,
1690 2441 1884 2517 specie
1928 2442 2064 2501 artis
2108 2442 2384 2519 stequens

337 2618 341 2621 4
375 2539 618 2598 secretis
704 2539 863 2615 pellit
917 2539 1096 2598 domo
1163 2537 1407 2598 Seianus
1459 2556 1701 2599 uxorem
1754 2540 2078 2618 Apicatam,
2134 2561 2211 2600 ex
2267 2560 2385 2618 qua

375 2647 488 2696 tres
526 2637 738 2697 liberos
779 2647 1071 2714 genuerat,
1113 2656 1189 2697 ne
1230 2637 1438 2713 paelici
1480 2648 1917 2716 suspectaretur.
2002 2640 2105 2699 sed
2151 2641 2384 2717 magni-
2410 2652 2448 2700 6

303 2759 357 2811 25
375 2737 517 2796 tudo
555 2735 824 2796 facinoris
861 2746 1097 2808 metum,
1135 2735 1504 2812 prolationes,
1542 2737 1764 2796 diversa
1804 2737 2093 2797 interdum
2136 2739 2385 2797 consilia

377 2835 681 2895 adferebat.

459 2941 521 2995 4.
565 2934 806 2993 Interim
860 2936 998 2994 anni
1054 2934 1339 3012 principio
1395 2933 1622 2993 Drusus
1671 2953 1746 2993 ex
1797 2935 2132 2995 Germanici
2187 2936 2384 2995 liberis

378 3043 575 3110 togam
608 3033 829 3092 virilem
864 3034 1125 3110 sumpsit,
1162 3050 1426 3109 quaeque
1454 3031 1609 3090 fratri
1643 3033 1765 3092 eius
1794 3033 2019 3093 Neroni
2052 3032 2383 3095 decreverat

381 3131 897 3209 senatus'repetita.
980 3131 1199 3190 addidit
1227 3131 1551 3189 orationem
1579 3129 1812 3202 Caesar,
1834 3132 2017 3191 multa
2045 3149 2179 3191 cum
2209 3132 2380 3191 laude
2406 3148 2441 3193 2

304 3254 364 3302 30
382 3230 479 3288 filii
506 3231 608 3304 sui,
628 3230 787 3307 quod
808 3230 992 3307 patria
1018 3229 1421 3288 benevolentia
1446 3229 1510 3287 in
1535 3228 1724 3288 fratris
1752 3228 1964 3288 liberos
1990 3229 2155 3288 foret.
2242 3248 2382 3289 nam
2406 3245 2440 3290 3

378 3329 616 3402 DrusuS‚
645 3347 998 3406 quamquam
1025 3327 1268 3387 arduum
1297 3327 1371 3387 sit
1408 3327 1619 3387 eodem
1645 3326 1759 3386 loci
1798 3328 2120 3403 potentiam
2148 3335 2207 3386 et
2235 3346 2380 3386 con-

381 3427 638 3485 cordiam
670 3445 815 3500 esse,
847 3445 1065 3504 aequus
1103 3426 1569 3486 adulescentibus
1606 3435 1705 3484 aut
1741 3435 1893 3484 certe
1934 3443 2056 3483 non
2103 3424 2380 3486 adversus

378 3525 709 3583 habebatur.
792 3525 947 3584 exim
989 3533 1152 3584 vetus
1194 3534 1251 3584 et
1293 3543 1469 3601 saepe
1507 3524 1837 3582 simulatum
1874 3521 2279 3599 proficiscendi
2319 3524 2379 3581 in
2401 3538 2442 3586 4
