2594 3925
224 244 359 285 ω).
388 220 494 307 1⁶.]
847 233 1078 283 LIBER
1117 234 1199 285 η.
1264 233 1419 284 CAP.
1466 237 1640 298 7-12.
2166 243 2237 298 91

225 403 504 469 paratam
545 392 951 464 clementiam3
1001 410 1190 472 neque
1233 392 1544 468 coniugem
1585 401 1642 450 et
1686 393 1863 450 filium
1905 393 2026 450 eius
2069 390 2244 449 hosti-

224 490 366 550 liter
417 491 660 549 haberi:
717 491 809 549 ille
859 490 944 549 fas
999 491 1230 567 patriae,
1283 490 1606 549 libertatem
1662 491 1886 560 avitam,
1938 487 2247 565 penetralis

226 586 590 648 Germaniae
625 588 787 661 deoS‚
816 599 1061 648 matrem
1101 607 1340 665 precum
1375 588 1630 660 sociam;
1673 606 1746 647 ne
1788 587 2244 665 propinquorum

223 697 286 746 et
329 688 631 759 adfinium,
669 688 915 764 denique
956 688 1146 764 gentis
1189 706 1329 747 suae
1373 686 1630 746 desertor
1670 696 1727 745 et
1768 686 2027 762 proditor
2066 703 2243 763 quam

161 796 198 841 2
227 787 553 863 imperator
580 805 709 846 esse
737 786 948 846 mallet.
1031 785 1312 862 paulatim
1352 786 1489 845 inde
1515 785 1591 845 ad
1628 785 1811 860 iurgia
1838 784 2095 861 prolapsi
2123 801 2240 861 quo
2265 808 2290 856 5

227 884 431 943 minus
469 903 729 962 pugnam
764 895 1137 944 consererent
1169 905 1243 945 ne
1272 885 1510 944 flumine
1539 884 1775 961 quidem
1818 882 2113 942 interiecto
2143 901 2241 942 co-

226 982 598 1054 hibebantur,
630 985 688 1041 ni
733 983 1034 1043 Stertinius
1072 984 1388 1043 adcurrens
1430 983 1670 1060 plenum
1711 982 1829 1056 irae
1871 999 2143 1057 armaque
2187 989 2245 1039 et

167 1093 202 1138 3
229 1098 455 1156 equum
482 1090 824 1157 poscentem
852 1080 1091 1141 Flavum
1120 1081 1474 1141 adtinuisset.
1547 1080 1883 1140 cernebatur
1906 1088 2107 1139 contra
2135 1078 2240 1136 mi-

228 1179 591 1237 nitabundus
620 1180 912 1238 Arminius
946 1180 1349 1257 proeliumque
1378 1181 1758 1251 denuntians3
1803 1197 1939 1237 nam
1967 1179 2240 1255 pleraque

229 1274 450 1335 Latino
479 1295 744 1338 sermone
773 1278 1177 1350 interiaciebat‚
1199 1289 1262 1337 ut
1283 1279 1380 1356 qui
1411 1279 1695 1339 Romanis
1723 1279 1782 1337 in
1805 1277 2006 1338 castris
2035 1277 2240 1336 ductor
2262 1300 2320 1335 10

230 1375 602 1451 popularium
629 1378 943 1437 meruisset.
1185 1360 1201 1368 ⁸

316 1479 405 1533 11.
450 1474 690 1534 Postero
733 1475 826 1534 die
869 1474 1297 1538 Germanorum
1340 1478 1492 1537 acies
1534 1487 1692 1536 trans
1734 1475 2028 1552 Visurgim
2071 1475 2240 1533 stetit.

234 1570 457 1631 Caesar
499 1572 609 1631 nisi
657 1574 933 1651 pontibus
983 1567 1395 1652 praesidiisque
1443 1576 1706 1651 inpositis
1756 1574 1890 1634 dare
1938 1575 1999 1633 in
2048 1573 2243 1631 discri-

230 1686 376 1727 men
425 1670 682 1747 legiones
731 1671 886 1730 haud
936 1673 1369 1749 imperatorium
1419 1685 1592 1745 ratuS,
1636 1675 1886 1750 equitem
1929 1672 2078 1732 vado
2129 1681 2241 1730 tra-

169 1779 203 1824 2
229 1768 420 1825 mittit.
491 1769 791 1846 praefuere
823 1770 1122 1830 Stertinius
1150 1782 1208 1831 et
1236 1790 1269 1829 e
1299 1790 1541 1830 numero
1578 1772 2012 1849 primipilarium
2042 1770 2239 1828 Aemi·
2263 1793 2317 1842 15

170 1878 205 1925 3
230 1866 359 1937 liuS‚
411 1866 754 1926 distantibus
809 1869 951 1928 locis
1007 1869 1232 1940 invecti,
1289 1881 1354 1928 ut
1408 1870 1637 1929 hostem
1692 1870 2041 1930 diducerent.
2125 1886 2241 1945 qua

230 1964 564 2023 celerrimus
602 1967 805 2039 amniS‚
836 1966 1222 2027 Chariovalda
1266 1969 1383 2027 dux
1426 1969 1776 2028 Batavorum
1817 1969 2019 2044 erupit.
2105 1986 2240 2026 eum

232 2061 515 2122 Cherusci
543 2064 740 2141 fugam
769 2066 1101 2125 simulantes
1130 2067 1192 2124 in
1220 2067 1516 2143 planitiem
1546 2068 1783 2127 saltibus
1811 2066 2239 2126 circumiectam

232 2171 492 2221 traxere:
534 2162 671 2221 dein
713 2166 894 2223 coorti
937 2174 994 2222 et
1033 2166 1289 2241 undique
1334 2165 1499 2225 effusi
1541 2167 1777 2225 trudunt
1816 2165 2104 2236 adversm,
2149 2166 2238 2222 in-

235 2270 392 2319 stant
433 2262 770 2320 cedentibus
811 2263 1196 2338 collectosque
1237 2265 1296 2321 in
1327 2265 1530 2322 orbem
1576 2283 1706 2340 pars
1755 2264 2069 2340 congressi,
2112 2263 2236 2339 qui·
2256 2283 2319 2321 20

172 2374 212 2420 4
235 2358 375 2416 dam
402 2360 629 2419 eminus
662 2362 1020 2437 proturbant.
1105 2361 1490 2421 Chariovalda
1518 2362 1617 2422 diu
1644 2372 1957 2422 sustentata
1984 2360 2234 2421 hostium

237 2458 490 2529 saevitia,
545 2458 804 2519 hortatus
860 2478 998 2518 suos
1053 2469 1117 2519 ut
1173 2461 1507 2537 ingruentes
1562 2472 1817 2521 catervas
1837 2442 2051 2537 globo
2105 2479 2236 2535 per-

237 2556 567 2632 fringerent,
596 2570 769 2634 atque
810 2558 934 2634 ipse
975 2558 1353 2618 densissimos
1393 2559 1749 2636 inrumpenS,
1779 2559 2070 2636 congestis
2111 2558 2237 2616 telis

236 2664 295 2711 et
322 2655 574 2714 suffosso
605 2674 757 2733 equo
790 2656 1014 2728 labitur,
1047 2674 1116 2715 ac
1158 2657 1322 2715 multi
1364 2658 1646 2715 nobilium
1679 2657 1863 2716 circa:
1907 2667 2126 2716 ceteros
2153 2656 2238 2715 vis

239 2770 344 2811 sua
384 2764 482 2812 aut
524 2756 745 2831 equites
781 2773 915 2812 cum
946 2754 1214 2815 Stertinio
1243 2755 1611 2832 Aemilioque
1651 2756 2051 2814 subvenientes
2093 2755 2240 2830 peri·
2258 2777 2318 2828 25

240 2851 369 2908 culo
398 2870 684 2911 exemere.

320 2955 412 3009 12.
459 2950 673 3009 Caesar
700 2962 1094 3028 transgressus
1124 2953 1421 3028 Visurgim
1460 2954 1677 3012 indicio
1712 2954 1988 3029 perfugae
2019 2970 2240 3028 cogno-

243 3049 346 3108 scit
383 3048 671 3108 delectum
699 3050 775 3107 ab
804 3051 1070 3109 Arminio
1099 3051 1296 3109 locum
1333 3069 1563 3128 pugnae
1585 3071 1602 3123 ;
1646 3052 1987 3110 convenisse
2017 3059 2073 3108 et
2101 3049 2239 3108 alias

244 3148 506 3206 nationes
560 3148 621 3204 in
670 3148 871 3207 silvam
930 3148 1169 3207 Herculi
1219 3166 1447 3207 sacram
1497 3167 1848 3225 ausurosque
1897 3159 2240 3207 nocturnam

185 3263 218 3308 2
247 3257 558 3304 castrorum
587 3248 1104 3323 oppugnationem.
1182 3246 1374 3305 habita
1403 3247 1575 3305 indici
1604 3247 1747 3305 fides
1776 3255 1834 3305 et
1862 3246 2239 3304 cernebantur
2258 3268 2321 3317 30

246 3344 425 3419 igneS,
484 3346 890 3420 suggressique
951 3345 1190 3421 propius
1253 3345 1643 3420 speculatores
1709 3344 1889 3401 audiri
1954 3343 2241 3401 fremitum

249 3459 526 3517 equorum
568 3442 932 3518 inmensique
974 3449 1032 3499 et
1070 3440 1351 3500 inconditi
1392 3442 1641 3518 agminis
1691 3458 1945 3499 murmur
1987 3441 2239 3501 attulere.
2305 3442 2318 3447 “

189 3555 222 3601 3
250 3540 415 3613 igitur
442 3539 773 3615 propinquo
803 3555 1064 3597 summae
1097 3539 1179 3597 rei
1221 3538 1542 3597 discrimine
1575 3538 1961 3614 explorandos
1999 3538 2237 3597 militum
