2594 3925
201 255 338 298 mn.
367 233 473 319 η]
785 248 1019 299 LIBER
1059 247 1174 299 HJ.
1245 246 1398 299 cAP.
1442 241 1656 300 16-18.
2108 250 2219 314 137

139 414 177 459 4
204 422 342 463 non
373 404 703 483 contigisse.
741 404 956 465 Vitellii
985 413 1042 464 et
1062 404 1300 463 Veranii
1320 423 1466 464 voce
1495 404 1770 464 defletum
1798 403 2125 476 Caesarem,
2149 406 2225 462 ab

141 513 176 557 5
205 503 565 580 imperatore
592 515 649 564 et
676 504 942 581 Augusta
972 504 1270 563 defensam
1302 504 1659 562 Plancinam.
1729 504 1974 580 proinde
2001 522 2226 562 venena

208 610 274 658 et
317 612 471 661 artes
512 614 632 661 tam
672 603 907 662 feliciter
949 613 1213 680 expertas
1255 612 1497 661 verteret
1533 603 1592 659 in
1625 601 2029 678 Agrippinam,
2058 603 2120 659 in
2160 601 2226 659 li-

209 699 394 759 beros
433 702 573 772 eiuS,
611 702 1021 779 egregiamque
1055 702 1244 760 aviam
1283 719 1353 760 ac
1394 711 1661 778 patruum
1704 701 1985 776 sanguine
2026 701 2227 759 miser-

145 808 183 853 6
211 797 399 855 rimae
440 799 651 858 domus
690 800 1012 858 exsatiaret.
1099 800 1344 858 biduum
1383 817 1557 875 super
1594 799 1702 857 hac
1741 799 1996 873 imagine
2027 800 2230 874 cogni·
2253 822 2280 870 5

215 895 393 954 tionis
436 898 822 974 absumptum,
869 908 1149 975 urguente
1180 897 1421 957 Tiberio
1464 898 1675 956 liberos
1719 896 1947 955 Pisonis
1987 905 2229 955 matrem

149 1005 186 1053 ‘1
215 993 298 1050 uti
337 1003 643 1053 tuerentur.
727 1007 785 1055 et
813 1014 948 1055 cum
987 1006 1354 1055 accusatores
1391 1015 1460 1055 ac
1497 1006 1674 1055 testes
1702 995 1962 1054 certatim
1995 1013 2230 1070 perora-

218 1102 346 1160 rent
392 1095 786 1169 respondente
843 1094 1020 1165 nu110‚
1073 1096 1367 1154 miseratio
1416 1113 1592 1172 quam
1642 1094 1853 1153 invidia
1902 1094 2228 1168 augebatur.

152 1199 194 1244 8
220 1190 444 1266 primus
485 1193 827 1251 sententiam
865 1203 1101 1268 rogatus
1129 1191 1393 1252 Aurelius
1422 1192 1595 1252 Cotta
1638 1191 1843 1252 consul
1886 1189 2049 1270 (narn
2085 1189 2230 1249 refe-

221 1298 381 1345 rente
434 1288 686 1349 Caesare
742 1291 1107 1366 magistratus
1167 1308 1240 1349 eo
1297 1291 1475 1349 etiarn
1530 1308 1767 1349 munere
1822 1287 2231 1367 fungebantur)
2254 1311 2312 1346 10

223 1404 443 1445 nomen
493 1386 718 1446 Pisonis
768 1389 1123 1447 eradendum
1172 1388 1331 1447 fastis
1383 1390 1619 1459 censuit,
1670 1398 1893 1465 partem
1943 1388 2233 1445 bonorum

224 1485 655 1560 publicandam,
711 1504 843 1562 pars
898 1496 961 1544 ut
1012 1485 1122 1545 Cn.
1175 1486 1375 1544 Pisoni
1430 1486 1548 1544 filio
1603 1486 2017 1545 concederetur
2071 1485 2232 1561 isque

224 1599 587 1658 praenomen
644 1593 924 1657 mutaret;
978 1583 1063 1643 M.
1116 1583 1252 1643 Piso
1313 1594 1485 1643 exuta
1543 1584 1821 1660 dignitate
1877 1591 1935 1641 et
1990 1593 2231 1659 accepto

225 1681 645 1756 quinquagiens
687 1683 942 1741 sestertio
984 1684 1047 1740 in
1086 1683 1290 1741 decem
1331 1701 1520 1742 annos
1555 1683 1923 1760 relegaretur,
1952 1699 2233 1740 concessa

226 1777 537 1836 Plancinae
565 1780 955 1842 incolumitate
985 1782 1063 1839 ob
1091 1800 1294 1858 preces
1323 1780 1638 1858 Augustae.
2131 1816 2136 1820 ·
2254 1804 2310 1853 15

302 1882 404 1935 18.
449 1875 640 1936 Multa
678 1897 751 1936 ex
800 1897 870 1937 ea
919 1880 1203 1938 sententia
1251 1880 1513 1956 mitigata
1561 1889 1696 1938 sunt
1737 1897 1772 1937 a
1820 1877 2113 1954 principe:
2159 1896 2235 1937 ne

224 1992 446 2033 nomen
495 1975 723 2035 Pisonis
769 1976 930 2036 fastis
979 1978 1343 2049 eximeretur,
1395 1978 1633 2055 quando
1691 1976 1776 2034 M.
1825 1975 2083 2048 Antonii,
2134 1977 2234 2053 qui

225 2073 443 2130 bellum
501 2075 714 2150 patriae
770 2075 1015 2147 fecisset,
1072 2075 1185 2133 Iuli
1230 2074 1490 2146 Antonii,
1539 2076 1638 2152 qui
1693 2074 1933 2133 domum
1985 2072 2234 2149 Augusti

165 2176 199 2221 2
226 2169 513 2242 violasset,
543 2183 855 2231 manerent.
939 2182 997 2230 et
1030 2171 1117 2230 M.
1145 2172 1421 2232 Pisonem
1460 2174 1815 2249 ignominiae
1849 2172 2063 2231 exemit
2091 2191 2233 2231 con-

225 2268 518 2343 cessitque
559 2270 613 2327 ei
651 2281 890 2346 paterna
932 2273 1106 2342 bona,
1147 2271 1282 2329 satis
1327 2272 1543 2342 firmuS,
1581 2282 1646 2329 ut
1687 2289 1858 2346 saepe
1901 2271 2230 2340 memoravi,
2253 2295 2314 2329 20

227 2366 533 2425 adversum
559 2369 867 2444 pecuniam
894 2378 950 2427 et
977 2379 1101 2426 turn
1128 2369 1350 2445 pudore
1379 2369 1675 2427 absolutae
1704 2368 2012 2426 Plancinae
2039 2368 2234 2445 placa-

166 2469 200 2514 3
227 2465 419 2523 bilior.
453 2474 622 2541 atque
660 2466 832 2538 idem,
873 2484 1005 2524 cum
1039 2465 1305 2524 Valerius
1344 2465 1696 2524 Messalinus
1734 2466 1965 2542 signum
1998 2483 2236 2524 aureum

228 2564 291 2621 in
327 2563 472 2621 aede
515 2562 719 2621 Martis
754 2562 988 2635 UltoriS,
1024 2563 1284 2623 Caecina
1324 2564 1566 2625 Severus
1600 2582 1759 2622 aram
1792 2564 2022 2621 ultionis
2061 2572 2236 2622 statu-

230 2662 447 2721 endam
482 2662 851 2731 censuissent,
882 2662 1190 2738 prohibuit,
1221 2663 1301 2720 ob
1329 2672 1597 2720 externas
1631 2681 1701 2720 ea
1729 2662 1994 2720 victorias
2028 2662 2238 2720 sacrari

167 2761 205 2806 4
231 2760 517 2831 dictitanS,
546 2760 863 2819 domestica
895 2761 1048 2818 mala
1083 2761 1306 2819 tristitia
1340 2760 1676 2836 operienda.
1747 2760 2043 2818 addiderat
2081 2759 2234 2817 Mes·
2258 2784 2315 2833 25

231 2848 448 2917 salinus
505 2859 743 2917 Tiberio
809 2868 866 2917 et
926 2859 1220 2935 Augustae
1285 2868 1345 2917 et
1405 2859 1699 2917 Antoniae
1763 2867 1821 2916 et
1880 2858 2236 2934 Agrippinae
2295 2932 2298 2933 ⁷

231 2958 540 3032 Drusoque
602 2958 680 3015 ob
741 2956 1053 3015 vindictam
1117 2956 1454 3015 Germanici
1515 2966 1704 3031 grates
1768 2955 2021 3031 agendas
2085 2957 2235 3013 omi-

172 3063 207 3109 5
232 3062 497 3132 seratque
554 3054 782 3113 Claudii
842 3055 1214 3112 mentionem.
1299 3064 1357 3113 et
1423 3052 1802 3112 Messalinum
1868 3052 2104 3129 quidem
2169 3053 2235 3112 L.

232 3154 531 3230 Asprenas
570 3162 770 3211 senatu
806 3170 1006 3211 coram
1046 3162 1417 3229 percontatus
1455 3162 1542 3211 est
1579 3170 1657 3210 an
1694 3151 1946 3228 prudens
1985 3161 2235 3227 praeter-

171 3251 209 3298 Β
233 3254 368 3310 isset
385 3272 402 3326 3
454 3270 523 3309 ac
561 3262 683 3309 tum
723 3250 960 3308 demum
998 3269 1212 3309 nomen
1232 3250 1471 3311 Claudii
1509 3251 1861 3326 adscriptum
1891 3258 1992 3307 est.
2075 3251 2230 3321 mihi,
2253 3275 2315 3322 30

234 3361 453 3428 quanto
509 3350 672 3426 plura
718 3349 1034 3408 recentium
1090 3367 1192 3407 seu
1237 3359 1494 3408 veterum
1541 3349 1786 3419 revolv0‚
1838 3357 1998 3405 tanto
2047 3350 2234 3424 magis

234 3449 478 3507 ludibria
531 3465 721 3505 rerum
775 3447 1103 3505 mortalium
1161 3448 1383 3505 cunctis
1439 3448 1500 3504 in
1548 3446 1793 3521 negotiis
1840 3446 2231 3506 obversantur.

179 3555 210 3603 7
236 3549 449 3624 quippe
504 3546 660 3604 fama
714 3563 818 3622 spe
872 3544 1241 3603 veneratione
1295 3546 1487 3621 potius
1543 3561 1750 3602 omnes
1799 3542 2231 3603 destinabantur
