2594 3925
205 214 462 300 A.D.14.]
816 225 1050 276 LIBER
1090 226 1136 276 J.
1201 226 1352 276 CAP.
1398 236 1614 292 44-49·
2144 215 2218 288 69

205 393 353 441 trem
395 382 625 453 reicere,
653 381 1086 457 resistentisque
1115 381 1468 440 Germanico
1508 391 1605 439 aut
1646 379 1840 438 Druso
1869 397 2043 455 posse
2086 397 2121 436 a
2155 395 2222 463 se

203 481 451 558 mitigari
492 480 582 539 vel
624 479 892 555 infringi:
950 481 1105 556 quod
1149 481 1303 539 aliud
1346 479 1677 550 subsidium,
1722 479 1768 536 si
1815 480 2221 554 imperatorem

148 589 177 635 5
203 579 600 655 sprevissent?
683 588 940 638 ceterum
979 588 1053 667 gig
1099 580 1215 637 iam
1271 579 1502 653 iamque
1550 579 1727 655 iturus
1773 578 1913 654 legit
1962 575 2219 647 comiteS,

203 676 550 752 conquisivit
591 674 1020 752 impedimenta,
1051 676 1351 757 adornavit
1392 692 1601 734 naves:
1645 692 1786 734 mox
1828 674 2079 733 hiemem
2121 681 2221 731 aut

203 775 444 850 negotia
473 775 625 832 varie
666 782 934 833 causatus
977 774 1166 849 primo
1201 772 1534 849 prudenteS,
1566 773 1700 831 dein
1741 773 1996 849 vulgum,
2024 770 2220 829 diutis-
2244 791 2272 841 5

203 873 350 931 sime
382 872 709 947 provincias
737 870 949 930 fefellit.
1919 856 1934 871 N

283 976 396 1028 48.
442 970 522 1027 At
557 968 955 1041 Germanicus,
986 987 1343 1046 quamquam
1384 978 1679 1029 contracto
1725 969 1978 1029 exercitu
2018 977 2076 1026 et
2115 986 2220 1043 pa-

200 1078 326 1128 rata
369 1069 430 1125 in
474 1067 792 1126 defectores
836 1068 1072 1138 ultione,
1117 1068 1378 1126 dandum
1421 1068 1609 1126 adhuc
1656 1070 1906 1145 spatium
1952 1075 2125 1136 ratus,
2170 1065 2218 1123 si

200 1167 423 1226 recenti
474 1165 742 1241 exemplo
793 1165 899 1223 sibi
947 1166 1058 1241 ipsi
1106 1166 1490 1237 consulerent,
1537 1166 1846 1241 praemittit
1898 1165 2087 1223 literas
2146 1146 2221 1221 ad

200 1264 539 1336 Caecinam,
573 1264 763 1322 venire
802 1282 862 1323 se
895 1264 1083 1322 valida
1121 1281 1300 1322 manu
1333 1283 1419 1335 ac,
1462 1264 1521 1322 ni
1555 1244 1899 1340 supplicium
1934 1264 1995 1320 in
2032 1262 2219 1320 malos
2243 1285 2303 1319 10

138 1382 173 1426 2
200 1372 594 1440 praesumant,
637 1380 870 1445 usurum
926 1362 1220 1437 promisca
1273 1362 1471 1421 caede.
1555 1380 1654 1420 eas
1703 1361 1958 1445 Caecina
2016 1359 2219 1437 aquili-

201 1463 337 1521 feris
379 1460 777 1536 signiferisque
819 1470 877 1518 et
911 1458 1070 1536 quod
1109 1460 1363 1517 maxime
1407 1470 1726 1518 castrorum
1776 1460 2063 1518 sincerum
2100 1467 2219 1517 erat

199 1558 430 1639 occulte
475 1559 689 1631 recitat,
733 1568 909 1635 utque
951 1568 1194 1618 cunctos
1239 1557 1526 1630 infamiae,
1571 1576 1633 1616 se
1675 1559 1835 1635 ipsos
1882 1558 2053 1618 morti
2096 1558 2217 1615 exi-

197 1667 367 1716 mant
407 1657 690 1715 hortatur:
737 1675 876 1715 nam
915 1658 976 1714 in
1016 1674 1163 1734 pace
1203 1674 1409 1715 causas
1451 1665 1510 1714 et
1551 1657 1754 1714 merita
1796 1657 2072 1733 spectari3
2115 1656 2214 1713 ubi

137 1769 172 1813 3
197 1752 421 1810 bellum
449 1752 692 1827 ingruat,
721 1752 1062 1811 innocentes
1092 1769 1159 1810 ac
1188 1750 1399 1837 nortios
1428 1751 1584 1808 iuxta
1613 1750 1838 1808 cadere.
1922 1750 2000 1829 illi
2021 1760 2212 1826 ¹temp·
2239 1774 2294 1822 15

197 1851 334 1909 tatis
385 1867 535 1927 quos
589 1849 832 1909 idoneos
887 1850 1172 1921 rebantur,
1217 1858 1530 1926 postquam
1585 1849 1864 1907 maiorem
1921 1849 2214 1925 legionum

198 1958 431 2027 partem
470 1950 531 2007 in
570 1948 762 2008 officio
799 1947 1009 2019 vident,
1041 1948 1112 2008 de
1149 1949 1429 2007 sententia
1467 1947 1638 2025 legati
1678 1956 1930 2007 statuunt
1964 1958 2213 2027 tempuS‚

198 2067 323 2127 quo
365 2047 764 2107 foedissimum
808 2066 1098 2124 quemque
1140 2059 1197 2108 et
1245 2049 1510 2107 seditioni
1555 2058 1889 2125 promptum
1932 2047 2080 2107 ferro
2127 2048 2214 2106 in-

134 2165 173 2212 4
200 2146 436 2207 vadant.
518 2156 654 2206 tunc
716 2147 884 2225 signo
939 2148 1087 2205 inter
1131 2165 1193 2205 se
1244 2146 1381 2204 dato
1436 2147 1772 2222 inrumpunt
1816 2147 2209 2217 contubernia,

198 2248 492 2328 trucidant
536 2247 787 2323 ignarOS,
836 2246 995 2304 nullo
1038 2245 1147 2304 nisi
1201 2245 1448 2305 consciis
1493 2256 1771 2330 noscente
1817 2246 1976 2322 quod
2021 2246 2215 2306 caedis
2239 2268 2298 2303 πο

202 2347 448 2416 initium,
479 2347 607 2421 quis
636 2346 787 2404 finis.

283 2452 397 2506 49.
439 2444 681 2504 Diversa
743 2445 1021 2517 omnium,
1079 2463 1229 2521 quae
1292 2464 1576 2522 umquam
1638 2446 1913 2517 accidere,
1972 2446 2217 2503 civilium

140 2562 175 2606 2
199 2562 498 2605 armorum
540 2543 731 2603 facies.
818 2562 941 2602 non
979 2544 1220 2619 proelio,
1252 2562 1375 2602 non
1402 2546 1654 2605 adversis
1692 2564 1725 2603 e
1764 2546 1980 2617 castris,
2012 2545 2114 2603 sed
2143 2544 2217 2602 is-

201 2645 340 2703 dem
370 2660 404 2700 e
432 2642 727 2714 cubilibuS,
759 2661 907 2719 quos
941 2643 1112 2702 simul
1141 2643 1421 2703 vescentis
1463 2645 1603 2715 dies,
1637 2645 1803 2703 simul
1833 2645 2057 2722 quietos
2095 2661 2216 2700 nox

200 2742 507 2813 habuerat,
537 2741 841 2801 discedunt
881 2743 941 2800 in
980 2751 1189 2818 parteS,
1220 2743 1487 2819 ingerunt
1523 2744 1653 2802 tela.
1737 2744 1955 2802 clamor
1983 2742 2218 2801 vulnera
2239 2764 2295 2813 25

140 2856 174 2900 3
200 2841 442 2917 sanguis
474 2839 683 2932 palam,
724 2858 898 2899 causa
938 2842 1000 2897 in
1040 2842 1311 2914 occulto;
1356 2851 1548 2900 cetera
1585 2842 1701 2902 fors
1742 2842 1902 2918 regit.
1986 2850 2043 2899 et
2091 2841 2215 2917 qui-

200 2941 340 2999 dam
374 2940 666 3016 bonorum
708 2941 879 3011 caesi,
921 2949 1234 3016 postquam
1274 2940 1563 3000 intellecto
1604 2943 1666 2999 in
1707 2960 1850 3017 quos
1893 2941 2214 3011 saeviretur,

200 3039 440 3115 pessimi
470 3056 707 3115 quoque
736 3056 897 3096 arma
925 3047 1247 3114 rapuerant.
1334 3057 1525 3115 neque
1555 3039 1774 3115 legatus
1819 3051 1914 3097 aut
1956 3039 2215 3097 tribunus

200 3131 536 3210 moderator
579 3136 795 3196 adfuit:
837 3138 1119 3213 permissa
1145 3136 1321 3213 vulgo
1366 3138 1594 3197 licentia
1634 3147 1804 3215 atque
1846 3138 1985 3197 ultio
2026 3146 2085 3195 et
2126 3155 2214 3194 sa-

137 3252 174 3297 4
199 3238 382 3296 tietas.
465 3254 606 3294 mox
656 3237 946 3314 ingressus
1009 3244 1195 3294 castra
1242 3235 1643 3308 Germanicus,
1691 3256 1813 3295 non
1862 3237 2211 3296 medicinam
2232 3259 2296 3307 30

198 3334 340 3393 illud
383 3335 644 3412 plurimis
701 3353 835 3392 cum
879 3332 1126 3392 lacrimis
1173 3336 1279 3394 sed
1327 3335 1555 3394 cladem
1603 3336 1917 3411 appellanS,
1967 3336 2211 3393 cremari

202 3452 450 3509 corpora
498 3434 671 3492 iubet.

135 3547 171 3596 5
283 3530 509 3590 Truces
538 3532 710 3589 etiam
744 3542 868 3589 tum
904 3532 1131 3589 animos
1174 3531 1386 3606 cupido
1415 3531 1630 3588 involat
1667 3531 1838 3589 eundi
1873 3532 1932 3588 in
1960 3531 2207 3603 hostem,
