2594 3925
404 239 515 299 154
846 232 1211 283 CORNELII
1251 233 1342 282 TA
1354 233 1514 283 ειη
1548 233 1967 283 ANNALJUM
2046 221 2255 304 [A.u.c.
2283 247 2407 299 775·

398 398 691 464 postremo
720 388 932 449 litteras
965 390 1040 449 ad
1074 398 1340 449 senatum
1369 389 1713 466 composuit,
1744 407 1987 465 quarum
2023 391 2314 449 sententia
2344 391 2409 449 in

397 487 550 546 hunc
579 488 818 547 modum
848 489 965 547 fuit.

476 592 575 646 53.
623 591 638 617 ‘
662 586 880 646 Ceteris
929 587 1166 646 forsitan
1220 588 1281 646 in
1326 591 1514 660 rebuS,
1570 598 1765 665 patres
1821 587 2152 664 conscripti,
2208 588 2409 664 magis

396 685 664 764 expediat
704 704 799 744 me
841 704 1038 745 coram
1081 688 1417 763 interrogari
1458 697 1516 745 et
1567 687 1755 745 dicere
1800 687 1941 763 quid
1983 705 2016 745 e
2058 705 2119 745 re
2166 686 2411 762 publica

342 808 370 856 5
394 802 702 843 censeam:
743 785 804 842 in
838 784 948 843 hac
980 784 1253 844 relatione
1293 785 1550 843 subtrahi
1588 784 1793 845 oculos
1826 803 1992 843 meos
2025 783 2234 843 melius
2277 784 2407 856 fuit,

392 899 465 941 ne
510 883 916 942 denotantibus
963 884 1129 942 vobis
1178 901 1281 941 ora
1328 901 1398 941 ac
1448 892 1669 941 metum
1718 882 2094 959 singulorum,
2145 883 2248 959 qui
2298 900 2407 960 pu-

393 979 566 1039 dendi
622 981 787 1041 luxus
843 992 1227 1059 arguerentur,
1277 981 1404 1057 ipse
1459 982 1634 1040 etiam
1678 980 1932 1039 viderem
1980 999 2083 1040 eos
2138 999 2209 1040 ac
2256 982 2411 1040 velut

391 1078 821 1156 deprenderem.
906 1080 1065 1157 quod
1099 1081 1148 1138 si
1176 1098 1408 1139 mecum
1436 1089 1570 1138 ante
1598 1079 1703 1138 viri
1731 1079 1963 1150 strenui,
1993 1079 2229 1149 aediles»,
2261 1097 2406 1138 con·
2432 1093 2465 1137 a

391 1179 576 1237 silium
620 1179 969 1250 habuissent,
1001 1180 1199 1238 nescio
1229 1198 1307 1238 an
1350 1196 1620 1238 suasurus
1662 1178 1869 1238 fuerim
1911 1179 2176 1237 omittere
2204 1178 2407 1254 potius

316 1299 375 1336 10
391 1276 717 1352 praevalida
758 1289 815 1336 et
857 1276 1052 1335 adulta
1078 1276 1212 1335 vitia
1249 1294 1429 1353 quam
1461 1276 1579 1335 hoc
1619 1276 1879 1354 adsequi,
1906 1287 1969 1334 ut
2010 1277 2205 1353 palam
2249 1275 2416 1334 fieret

390 1375 597 1452 quibus
645 1374 874 1451 flagitiis
924 1375 1174 1451 impares
1219 1393 1496 1433 essemus·
1605 1375 1710 1433 sed
1779 1374 1858 1433 illi
1915 1375 2151 1452 quidem
2209 1374 2411 1433 officio
2433 1388 2463 1433 3

389 1472 574 1531 functi
600 1482 747 1542 sunt,
775 1483 837 1532 ut
865 1482 1088 1533 ceteros
1128 1491 1362 1549 quoque
1400 1473 1768 1549 magistratus
1798 1490 1903 1531 sua
1936 1473 2134 1531 munia
2163 1473 2411 1549 implere

388 1572 596 1631 velim:
659 1572 801 1629 mihi
849 1582 1043 1631 autem
1099 1590 1288 1649 neque
1331 1572 1646 1631 honestum
1677 1554 1853 1631 ‘silere
1895 1589 2082 1648 neque
2133 1572 2413 1648 proloqui

389 1670 741 1747 expeditum,
771 1671 906 1747 quia
948 1689 1069 1730 non
1111 1671 1314 1730 aedilis
1349 1680 1446 1729 aut
1490 1670 1771 1746 praetoris
1805 1669 1903 1729 aut
1937 1671 2194 1730 consulis
2228 1673 2412 1748 partis

316 1794 369 1842 15
391 1770 663 1828 sustineo.
746 1769 932 1828 maius
973 1769 1188 1846 aliquid
1236 1779 1294 1827 et
1337 1769 1619 1827 excelsius
1661 1786 1698 1826 a
1741 1769 2003 1847 principe
2044 1769 2374 1847 postulatur
2397 1787 2466 1833 :4

391 1879 448 1927 et
486 1886 619 1927 cum
664 1877 817 1926 recte
866 1867 1150 1927 factorum
1195 1867 1306 1926 sibi
1350 1867 1595 1943 quisque
1648 1868 1894 1943 gratiam
1940 1868 2188 1940 trahant,
2233 1868 2411 1925 unius

388 1968 600 2027 invidia
640 1968 715 2026 ab
756 1968 1026 2026 omnibus
1067 1978 1354 2044 peccatur.
1439 1967 1580 2043 quid
1622 1966 1780 2024 enim
1809 1968 2061 2044 primum
2099 1966 2410 2043 prohibere
2432 1986 2463 2032 5

390 2077 447 2124 et
485 2067 739 2143 priscum
773 2067 849 2124 ad
877 2084 1100 2124 morem
1130 2065 1384 2125 recidere
1413 2063 1756 2140 adgrediar?
1817 2065 2151 2124 villarumne
2180 2065 2410 2123 infinita

391 2166 616 2241 spatia?
699 2164 1042 2225 familiarum
1084 2181 1389 2223 numerum
1429 2172 1487 2221 et
1529 2163 1837 2223 nationes?
1921 2163 2145 2240 argenti
2183 2174 2243 2222 et
2287 2164 2408 2222 auri

314 2286 373 2321 20
391 2264 660 2339 pondus?
742 2265 885 2323 aeris
930 2263 1364 2339 tabularumque
1413 2261 1728 2320 miracula?
1810 2263 2132 2339 promiscas
2172 2262 2311 2320 viris
2353 2270 2408 2320 et

393 2360 617 2420 feminis
666 2371 853 2422 vestes
902 2373 1077 2440 atque
1123 2363 1220 2422 illa
1276 2361 1622 2420 feminarum
1670 2361 1924 2435 propria,
1968 2361 2100 2436 quis
2144 2359 2407 2436 lapidum

392 2478 568 2520 causa
588 2461 866 2536 pecuniae
895 2474 1128 2521 nostrae
1156 2461 1233 2520 ad
1260 2470 1529 2520 externas
1572 2467 1671 2516 aut
1709 2457 1933 2517 hostilis
1970 2470 2177 2535 gentes
2219 2470 2409 2518 trans-

391 2557 685 2618 feruntur?

475 2665 579 2717 54.
623 2657 751 2716 Nec
798 2659 1008 2735 ignoro
1059 2661 1120 2719 in
1168 2661 1444 2720 conviviis
1503 2671 1563 2720 et
1610 2659 1839 2719 circulis
1886 2657 2136 2716 incusari
2193 2657 2308 2715 ista
2353 2667 2410 2716 et

317 2778 375 2829 25
395 2757 636 2816 modum
663 2758 865 2833 posci:
909 2767 997 2821 set
1025 2760 1073 2818 si
1102 2760 1230 2836 quis
1257 2759 1450 2835 legem
1477 2759 1714 2828 sanciat,
1734 2774 1960 2835 poenas
1989 2755 2221 2826 indicat,
2248 2755 2407 2814 idem

395 2855 472 2913 illi
542 2857 829 2916 civitatem
887 2859 1046 2928 verti,
1103 2857 1575 2934 splendidissimo
1631 2857 1840 2932 cuique
1901 2854 2142 2913 exitium
2203 2855 2405 2930 parari,

396 2956 690 3015 neminem
734 2957 989 3015 criminis
1024 2966 1321 3032 expertem
1362 2956 1754 3014 clamitabunt.
1839 2954 1999 3029 atqui
2036 2970 2110 3010 ne
2149 2954 2405 3029 corporis
2426 2968 2456 3014 a

395 3055 629 3130 quidem
663 3056 903 3114 morbos
932 3065 1150 3113 veteres
1179 3064 1237 3112 et
1278 3055 1377 3113 diu
1421 3063 1623 3112 auctos
1658 3053 1768 3111 nisi
1796 3070 1901 3130 per
1929 3051 2073 3109 dura
2110 3061 2169 3109 et
2205 3069 2407 3127 aspera

398 3164 700 3213 coerceas:
745 3162 1044 3229 corruptus
1072 3152 1242 3211 simul
1272 3161 1332 3211 et
1360 3161 1671 3227 corruptor,
1701 3169 1874 3226 aeger
1905 3162 1964 3208 et
2005 3148 2258 3226 flagrans
2289 3148 2404 3207 ani-

319 3274 382 3324 30
399 3271 527 3311 mus
554 3252 708 3311 haud
736 3252 1040 3311 levioribus
1068 3250 1337 3309 remediis
1364 3250 1808 3326 restinguendus
1838 3259 1924 3308 est
1952 3266 2128 3324 quam
2156 3247 2400 3306 libidini-

396 3352 504 3410 bus
546 3351 809 3411 ardescit.
891 3359 977 3409 tot
1018 3368 1055 3408 a
1093 3349 1406 3408 maioribus
1440 3360 1696 3425 repertae
1739 3349 1912 3424 legeS,
1942 3356 2028 3406 tot
2056 3364 2202 3423 quas
2248 3346 2401 3405 divus
2421 3356 2451 3404 3

396 3449 691 3525 Augustus
747 3449 886 3522 tulit,
944 3449 1068 3508 illae
1130 3448 1438 3521 oblivione,
1497 3449 1623 3517 hae,
1682 3447 1842 3524 quod
1909 3444 2249 3521 flagitiosius
2306 3453 2400 3514 est,

397 3555 736 3624 contemptu
784 3547 1025 3606 abolitae
1068 3547 1414 3606 securiorem
1457 3545 1657 3603 luxum
1706 3546 1907 3604 fecere.
1992 3558 2127 3600 nam
2172 3542 2221 3601 si
2273 3542 2401 3601 velis
2421 3552 2455 3601 4
