2594 3925
138 249 277 292 ω).
305 229 412 314 22.]
730 239 964 289 LIBER
1002 240 1116 291 JH.
1183 241 1336 292 CAP.
1383 246 1599 309 52-55.
2054 247 2164 308 155

140 396 317 473 quod
360 396 629 455 nondum
655 397 890 455 vetitum
931 407 1034 468 est,
1065 397 1270 456 timeas
1314 415 1387 464 ne
1422 407 1644 457 vetere:
1688 407 1746 456 at
1788 399 1836 458 si
1878 398 2168 475 prohibita

142 496 395 572 impune
446 496 885 567 transcenderis,
936 513 1121 573 neque
1171 505 1359 554 metus
1406 496 1550 554 ultra
1598 515 1787 572 neque
1832 497 2019 573 pudor
2063 505 2166 555 est.

80 605 115 650 5
142 610 256 650 cur
297 612 443 670 ergo
483 594 624 651 olim
665 594 1025 670 parsimonia
1062 592 1356 670 pollebat?
1438 593 1575 670 quia
1615 594 1722 652 sibi
1766 595 2005 670 quisque
2040 611 2166 652 mo-

144 691 477 761 derabatur,
509 692 644 768 quia
670 693 838 750 unius
865 693 1021 751 urbis
1051 692 1203 751 cives
1229 709 1457 750 eramus
1479 710 1496 765 ;
1542 710 1617 750 ne
1651 691 2015 750 inritamenta
2044 693 2168 770 qui-

146 790 293 849 dem
347 791 555 850 eadem
611 791 759 849 intra
812 790 1036 848 Italiam
1093 790 1539 849 dominantibus,
1622 790 1865 848 externis
1920 791 2169 849 victoriis
2193 813 2219 863 5

81 900 119 945 6
150 889 366 959 aliena,
414 889 672 948 civilibus
718 889 898 968 ³etiam
948 897 1146 949 nostra
1189 907 1533 948 consumere
1579 887 1899 947 didicimus.
1987 907 2169 965 quan-

147 987 339 1044 tulum
381 987 535 1045 istud
578 996 666 1047 est
714 987 788 1046 de
831 1006 950 1064 quo
994 986 1209 1046 aediles
1253 987 1609 1046 admonent!
1656 1004 1849 1063 quam,
1893 987 1940 1044 si
1983 996 2171 1045 cetera

148 1085 450 1161 respicias„
494 1085 555 1143 in
597 1085 705 1143 levi
747 1085 1118 1144 habendum!
1175 1095 1233 1143 at
1280 1084 1510 1144 hercule
1559 1103 1735 1143 nemo
1786 1084 1968 1156 refert,
2013 1084 2171 1162 quod

151 1182 324 1240 Italia
372 1193 641 1242 externae
689 1183 818 1259 opis
867 1184 1104 1258 indiget,
1153 1183 1314 1259 quod
1359 1183 1475 1242 vita
1521 1183 1723 1259 populi
1770 1182 2026 1242 Romani
2068 1201 2172 1259 per

91 1289 125 1337 7
152 1280 375 1339 incerta
418 1282 591 1340 maris
632 1292 690 1340 et
732 1291 1135 1359 tempestatum
1174 1281 1392 1341 cotidie
1432 1282 1688 1341 volvitur.
1771 1300 1841 1340 ac
1883 1282 1993 1341 nisi
2036 1299 2168 1359 pro·
2194 1304 2251 1340 10

151 1380 486 1440 vinciarum.
506 1381 708 1457 copiae
749 1390 807 1439 et
847 1381 1098 1440 dominis
1139 1390 1196 1440 et
1224 1380 1463 1439 servitiis
1504 1389 1562 1438 et
1590 1380 1743 1456 agris
1786 1380 2168 1452 subvenerint,

92 1489 130 1532 8
156 1488 359 1537 nostra
388 1497 499 1537 nos
528 1480 747 1538 scilicet
774 1497 1014 1538 nemora
1030 1489 1376 1556 nostraeque
1396 1479 1563 1537 villae
1592 1479 1915 1537 tuebuntur.
2001 1480 2168 1551 hane,

154 1586 350 1651 patres
389 1578 720 1653 conscripti,
750 1596 948 1636 curam
981 1578 1219 1636 sustinet
1258 1577 1532 1655 princeps
1547 1595 1564 1650 ;
1607 1576 1749 1636 haec
1789 1579 2006 1637 omissa
2043 1578 2170 1636 fun-

94 1683 130 1727 9
157 1675 313 1733 ditus
340 1693 465 1732 rem
494 1676 782 1750 publicam
812 1676 1009 1736 trahet.
1093 1676 1328 1753 reliquis
1355 1677 1506 1735 intra
1532 1676 1792 1735 animum
1819 1676 2170 1735 medendum

157 1769 285 1832 esti
329 1791 440 1832 nos
482 1773 687 1849 pudor,
718 1793 998 1851 pauperes
1042 1775 1374 1845 necessitas,
1407 1775 1607 1834 divites
1649 1775 1821 1834 satias
1862 1776 1923 1833 in
1966 1776 2168 1834 melius
2192 1798 2248 1848 15

67 1879 132 1924 10
155 1882 359 1931 mutet.
444 1881 542 1931 aut
570 1873 617 1930 si
645 1874 774 1948 quis
801 1892 876 1932 ex
904 1874 1332 1950 magistratibus
1369 1883 1588 1932 tantam
1616 1873 1954 1933 industriam
1983 1892 2052 1933 ac
2081 1893 2170 1933 se-

157 1973 457 2031 veritatem
500 1972 810 2048 pollicetur,
841 1983 903 2032 ut
943 1974 1024 2032 ire
1066 1974 1301 2032 obviam
1328 1983 1514 2049 queat,
1544 1973 1701 2031 hunc
1743 1991 1856 2048 ego
1898 1984 1955 2031 et
1996 1973 2168 2032 laudo

74 2081 132 2126 11
157 2081 214 2128 et
255 2071 558 2129 exonerari
600 2071 863 2130 laborum
911 2090 1173 2131 meorum
1222 2084 1447 2148 partem
1489 2072 1711 2131 fateor:
1768 2072 1858 2130 sin
1901 2090 2169 2131 accusare

156 2170 294 2228 vitia
319 2170 537 2241 volunt,
568 2169 716 2243 dein,
748 2189 883 2229 cum
910 2171 1155 2247 gloriam
1191 2172 1316 2230 eius
1343 2170 1424 2228 rei
1451 2170 1644 2247 adepti
1678 2179 1825 2241 sunt,
1857 2171 2171 2231 simultates

158 2267 381 2327 faciunt
434 2286 504 2327 ac
559 2268 700 2326 mihi
754 2269 1094 2344 relinquunt,
1153 2269 1382 2340 credite,
1439 2278 1629 2345 patres
1691 2269 2020 2345 conscripti,
2076 2287 2169 2328 me
2191 2293 2252 2327 20

158 2385 394 2443 quoque
437 2385 559 2425 non
598 2385 723 2425 esse
767 2366 1158 2426 offensionum
1200 2367 1431 2426 avidum
1447 2386 1463 2440 ;
1508 2385 1653 2442 quas
1696 2385 1832 2425 cum
1872 2386 2074 2444 graves
2113 2377 2172 2427 et

158 2464 499 2542 plerumque
527 2465 749 2541 iniquas
779 2484 888 2541 pro
915 2484 974 2524 re
1008 2466 1240 2542 publica
1279 2466 1608 2542 suscipiam,
1638 2465 1838 2524 inanes
1878 2475 1935 2525 et
1975 2465 2168 2524 inritas

158 2581 351 2641 neque
382 2563 522 2621 mihi
549 2572 644 2621 aut
672 2565 835 2622 vobis
862 2566 991 2623 usui
1018 2564 1233 2622 fiituras
1261 2565 1379 2623 iure
1408 2561 1721 2640 deprecor.'

241 2669 344 2722 55.
387 2660 612 2719 Auditis
662 2660 924 2721 Caesaris
971 2663 1144 2721 literis
1193 2663 1432 2721 remissa
1488 2660 1763 2721 aedilibus
1817 2663 1945 2721 talis
2000 2682 2166 2737 cura;

158 2760 440 2835 luxusque
483 2777 733 2830 mensae,
778 2778 815 2818 a
853 2761 967 2818 fine
995 2760 1220 2820 Actiaci
1260 2761 1395 2819 belli
1435 2760 1510 2818 ad
1550 2779 1621 2820 ea
1662 2780 1838 2832 arma,
1870 2763 1995 2839 quis
2040 2762 2169 2820 Ser·
2193 2786 2215 2819 2
2223 2784 2250 2833 5

158 2858 283 2915 vius
334 2856 523 2915 Galba
570 2876 759 2915 rerum
804 2858 1046 2934 adeptus
1102 2867 1206 2929 est,
1253 2876 1358 2934 per
1408 2877 1594 2917 annos
1644 2868 1881 2918 centum
1923 2859 2171 2936 profusis

105 2967 136 3012 2
161 2957 485 3032 sumptibus
525 2956 756 3014 exerciti
783 2956 1058 3032 paulatim
1099 2956 1412 3016 exolevere.
1497 2976 1699 3017 causas
1740 2958 1861 3017 eius
1904 2958 2171 3016 mutatio-

161 3056 249 3113 nis
293 3071 563 3130 quaerere
587 3055 741 3113 libet.
825 3055 969 3113 dites
1012 3055 1152 3113 olim
1193 3054 1441 3114 familiae
1485 3056 1767 3114 nobilium
1810 3066 1906 3113 aut
1947 3055 2170 3114 claritu-

106 3163 135 3208 3
160 3154 293 3211 dine
324 3153 579 3228 insignes
609 3152 798 3212 studio
816 3154 1280 3229 magnificentiae
1304 3154 1765 3230 prolabebantur.
1834 3173 1972 3212 nam
2000 3154 2172 3212 etiam

160 3262 282 3309 tum
324 3251 555 3328 plebem
598 3252 789 3310 socios
829 3270 1008 3327 regna
1035 3251 1223 3311 colere
1265 3261 1324 3310 et
1364 3252 1478 3311 coli
1518 3252 1738 3311 licitum
1767 3271 1782 3321 ;
1823 3261 1887 3310 ut
1930 3253 2171 3329 quisque
2188 3277 2254 3325 30

163 3351 370 3426 opibus
421 3349 599 3408 domo
643 3359 845 3425 paratu
889 3350 1204 3425 speciosus,
1248 3370 1353 3427 per
1394 3369 1611 3409 nomen
1652 3359 1708 3409 et
1749 3351 2043 3410 clientelas
2085 3353 2173 3410 in-

161 3449 386 3506 lustrior
427 3447 755 3506 habebatur.
836 3456 1149 3524 postquam
1191 3448 1465 3508 caedibus
1516 3451 1790 3508 saevitum
1842 3460 1898 3508 et
1948 3452 2172 3527 magni-

108 3556 143 3604 4
162 3547 302 3605 tudo
330 3546 518 3604 famae
545 3546 719 3604 exitio
748 3555 882 3617 erat,
915 3547 1083 3605 ceteri
1111 3546 1187 3605 ad
1214 3549 1562 3624 sapientiora
1577 3558 1918 3608 convertere.
2004 3551 2174 3609 simul
