2594 3925
197 202 450 287 A.D.16.]
779 216 1012 265 LIBER
1053 217 1132 265 Η.
1203 217 1357 267 CAP.
1404 228 1618 286 30-34·
2094 226 2199 266 101

137 380 170 425 5
196 372 350 430 facta
399 382 457 431 et
504 372 578 431 de
619 372 1040 431 mathematicis
1088 374 1390 450 magisque
1442 373 1608 431 Italia
1652 374 1934 449 pellendis
1980 383 2211 432 senatus

199 471 502 543 consulta3
547 490 795 547 quorum
829 489 862 529 e
905 490 1150 530 numero
1195 471 1264 529 L.
1292 470 1587 529 Pituanius
1629 490 1772 530 saxo
1813 472 2068 530 deiectus
2107 481 2211 543 est,

198 568 259 625 in
289 567 352 625 P.
388 567 680 626 Marcium
708 568 977 628 consules
1005 579 1165 627 extra
1183 578 1415 645 portam
1443 568 1824 646 Esquilinam,
1854 588 1988 629 cum
2016 569 2213 628 classi-

201 685 340 723 cum
369 685 582 725 canere
612 668 921 737 iussissent,
951 685 1118 726 more
1146 669 1339 745 prisco
1369 668 1677 726 advertere.

283 771 385 823 33.
430 764 706 822 Proximo
762 775 996 823 senatus
1053 766 1146 825 die
1201 766 1383 823 multa
1426 766 1487 823 in
1536 766 1733 823 luxum
1781 766 2021 824 civitatis
2065 766 2218 825 dicta
2239 789 2267 838 5

204 881 240 921 a
288 862 370 935 Q.
414 861 661 921 Haterio
702 862 1005 935 consulari,
1053 862 1300 922 Octavio
1343 864 1638 924 Frontone
1679 872 1944 941 praetura
1983 864 2182 921 functo
2200 883 2215 935 3

205 961 620 1036 decretumque
662 980 735 1019 no
776 979 914 1021 vasa
955 980 1095 1021 auro
1138 962 1322 1033 solida
1372 962 1760 1020 ministrandis
1811 962 1954 1020 cibis
1998 962 2218 1030 fierent,

148 1073 179 1117 2
206 1077 282 1116 ne
310 1058 485 1116 vestis
528 1059 712 1140 serica
748 1059 902 1117 viros
944 1057 1218 1119 foedaret.
1303 1061 1551 1119 excessit
1591 1059 1812 1118 Fronto
1854 1078 1923 1118 ac
1966 1058 2219 1136 postula-

206 1157 287 1214 vit
328 1156 576 1214 modum
618 1167 877 1232 argento,
909 1157 1262 1233 supellectili,
1292 1157 1572 1216 familiae:
1615 1168 1736 1217 erat
1776 1158 1991 1233 quippe
2032 1155 2221 1215 adhuc

207 1253 483 1330 frequens
539 1255 916 1327 senatoribus,
964 1256 1012 1313 si
1061 1255 1198 1332 quid
1248 1274 1281 1313 e
1336 1274 1396 1313 re
1445 1256 1677 1331 publica
1720 1256 2036 1326 crederent,
2086 1254 2220 1313 loco
2245 1279 2303 1312 ιο

152 1368 183 1412 3
209 1353 532 1411 sententiae
575 1370 854 1428 promere.
940 1364 1142 1412 contra
1185 1352 1391 1412 Gallus
1434 1353 1667 1413 Asinius
1709 1354 2010 1412 disseruit:
2053 1363 2226 1410 auctu

210 1450 437 1527 imperii
487 1450 806 1510 adolevisse
851 1452 1024 1509 etiam
1071 1452 1324 1528 privatas
1369 1470 1531 1528 opes,
1581 1452 1756 1529 idque
1806 1470 1930 1510 non
1986 1470 2223 1522 novum,

214 1548 316 1608 sed
364 1567 400 1606 e
445 1548 842 1606 vetustissimis
898 1550 1192 1608 moribus:
1256 1550 1429 1607 aliam
1486 1550 1642 1626 apud
1698 1550 2008 1620 FabricioS,
2055 1549 2226 1607 aliam

214 1647 370 1723 apud
415 1645 722 1722 Scipiones
762 1647 1106 1722 pecuniam3
1158 1658 1215 1705 et
1258 1658 1469 1707 cuncta
1512 1648 1588 1707 ad
1629 1666 1752 1707 rem
1800 1648 2092 1725 publicam
2141 1667 2227 1706 re·
2305 1681 2322 1698 ο

216 1744 359 1816 ferri,
391 1762 511 1821 qua
537 1745 694 1802 tenui
723 1755 998 1821 angustas
1034 1746 1245 1804 civium
1287 1746 1517 1818 domos,
1548 1757 1863 1824 postquam
1891 1765 1962 1805 eo
2000 1747 2228 1822 magni·
2252 1770 2307 1817 15

156 1859 192 1903 4
215 1843 484 1901 ficentiae
555 1843 785 1914 venerit,
841 1844 1081 1919 gliscere
1147 1844 1422 1920 singulos
1507 1863 1697 1921 neque
1763 1845 1823 1902 in
1891 1844 2108 1904 familia
2177 1855 2234 1903 et

215 1951 460 2017 argento
522 1954 784 2017 quaeque
850 1942 926 2001 ad
980 1960 1151 2000 usum
1215 1952 1485 2019 parentur
1554 1943 1799 2001 nimium
1867 1941 2083 2018 aliquid
2137 1952 2232 2001 aut

160 2057 192 2101 5
217 2040 520 2098 modicum
560 2040 671 2097 nisi
711 2057 786 2097 ex
833 2040 1061 2099 fortuna
1100 2041 1470 2117 possidentis,
1556 2042 1857 2099 distinctos
1904 2049 2136 2100 senatus
2164 2052 2233 2099 'et

217 2139 481 2214 equitum
526 2156 751 2210 censuS,
796 2157 920 2197 non
974 2139 1109 2215 quia
1154 2138 1360 2198 diversi
1415 2149 1631 2210 natura,
1678 2139 1782 2198 sed
1827 2149 1906 2210 ut,
1949 2140 2051 2214 qui
2089 2136 2234 2197 locis

219 2237 521 2311 ordinibus
567 2236 1016 2312 dignationibus,
1062 2237 1336 2295 antistent
1379 2247 1437 2296 et
1478 2237 1601 2296 aliis
1658 2256 1806 2313 quae
1854 2236 1930 2294 ad
1977 2236 2233 2313 requiem
2255 2260 2315 2293 20

221 2336 404 2394 animi
446 2344 545 2392 aut
587 2334 974 2394 salubritatem
1019 2352 1328 2411 corporum
1368 2344 1654 2410 parentur,
1698 2335 1809 2392 nisi
1857 2333 2001 2393 forte
2043 2335 2234 2392 claris-

222 2435 375 2492 simo
419 2433 630 2510 cuique
670 2434 864 2508 plures
906 2452 1086 2504 curaS,
1126 2433 1346 2492 maiora
1382 2433 1634 2509 pericula
1674 2432 1991 2504 subeunda,
2021 2433 2237 2495 deleni-

164 2547 198 2591 6
222 2533 438 2591 mentis
501 2550 767 2590 curarum
820 2541 877 2591 et
931 2531 1315 2609 periculorum
1369 2532 1686 2590 carendum
1752 2548 1897 2589 esse.
2011 2528 2238 2590 facilem

222 2631 540 2689 adsensum
586 2629 759 2690 Gallo
807 2631 920 2689 sub
964 2630 1296 2688 nominibus
1339 2628 1598 2688 honestis
1642 2627 1933 2687 confessio
1976 2628 2240 2688 vitiorum

224 2739 283 2788 et
331 2728 649 2788 similitudo
696 2726 1053 2797 audientium
1098 2728 1272 2786 dedit.
1360 2727 1648 2786 adiecerat
1697 2736 1755 2784 et
1799 2725 2069 2783 Tiberius
2116 2745 2237 2784 non
2261 2748 2318 2798 25

223 2828 285 2886 id
328 2838 562 2903 tempus
597 2845 892 2895 censurae,
929 2844 1056 2897 nec,
1087 2825 1135 2882 si
1163 2824 1305 2901 quid
1346 2824 1406 2881 in
1449 2824 1710 2883 moribus
1750 2823 1985 2895 labaret,
2017 2822 2242 2882 defutu-

226 2943 355 2984 rum
385 2925 712 3001 corrigendi
742 2934 1055 2982 auctorem.

309 3031 414 3084 34.
459 3022 615 3081 Inter
669 3041 817 3103 quae
862 3021 931 3080 L.
981 3022 1118 3081 Piso
1175 3021 1456 3080 ambitum
1511 3021 1634 3091 fori,
1692 3027 1958 3096 corrupta
2012 3017 2239 3090 iudicia,

229 3122 530 3181 saevitiam
559 3130 852 3179 oratorum
881 3120 1279 3179 accusationes
1318 3119 1711 3177 minitantium
1737 3117 2057 3193 increpanS,
2088 3117 2243 3174 abire

229 3239 293 3279 se
336 3229 395 3278 et
436 3220 644 3279 cedere
690 3220 848 3289 urbe,
891 3218 1170 3277 victurum
1218 3218 1280 3275 in
1328 3216 1523 3293 aliquo
1569 3215 1767 3275 abdito
1812 3224 1870 3273 et
1915 3214 2243 3291 longinquo
2264 3237 2326 3286 30

229 3337 360 3377 rure
407 3319 756 3389 testabatur;
826 3316 995 3375 simul
1049 3316 1264 3374 curiam
1318 3314 1689 3390 relinquebat.
1773 3322 2103 3371 commotus
2158 3321 2244 3370 est

235 3417 524 3488 TiberiuS,
553 3426 611 3474 et
645 3432 1000 3491 quamquam
1037 3413 1270 3471 mitibus
1299 3412 1488 3471 verbis
1524 3411 1799 3469 Pisonem
1836 3409 2244 3486 permulsisset,

235 3515 596 3593 propinquos
630 3531 860 3588 quoque
903 3512 1024 3569 eius
1066 3509 1288 3587 impulit
1328 3520 1391 3566 ut
1434 3510 1742 3566 abeuntem
1785 3507 2123 3566 auctoritate
2156 3507 2246 3565 vel
