2594 3925
393 223 505 294 138
842 228 1206 278 CORNELII
1244 230 1336 279 TA
1348 230 1425 279 CI
1428 231 1509 279 TI
1542 232 1961 281 ANNALIUM
2043 221 2121 305 [A.
2131 243 2186 283 U.
2197 243 2246 284 c.
2273 243 2417 297 773.

385 384 627 459 imperio
669 403 842 462 quam
885 404 1060 462 quem
1107 385 1360 444 futurum
1412 388 1734 463 principem
1775 389 2003 449 fortuna
2052 391 2111 448 in
2159 394 2416 453 occulto

385 484 631 542 tenebat.

466 588 564 646 19.
608 582 812 642 Paucis
855 592 988 660 post
1030 583 1231 642 diebus
1269 582 1488 642 Caesar
1526 594 1727 644 auctor
1760 587 1982 645 senatui
2021 588 2124 646 fuit
2154 589 2412 648 Vitellio

386 690 556 758 atque
586 681 840 739 Veranio
871 692 928 739 et
960 681 1208 739 Servaeo
1248 681 1570 740 sacerdotia
1606 684 1928 742 tribuendi:
1974 685 2239 745 Fulcinio
2275 687 2413 744 suf-

333 799 361 851 5
382 778 626 857 fragium
661 780 734 838 ad
770 780 1024 838 honores
1060 779 1348 854 pollicitus
1383 781 1626 851 monuit,
1658 800 1733 839 ne
1762 781 2090 841 facundiam
2120 785 2413 843 violentia

383 879 797 955 praecipitaret.
855 878 902 936 is
932 878 1061 935 finis
1091 878 1194 935 fuit
1213 879 1276 934 in
1304 878 1637 937 ulciscenda
1667 878 2001 939 Germanici
2031 893 2238 952 morte,
2268 901 2409 941 non
2439 895 2479 940 2

383 977 562 1036 modo
611 976 766 1053 apud
814 976 942 1033 illos
996 975 1263 1034 homines
1314 976 1415 1050 qui
1462 984 1586 1033 tum
1636 979 1901 1052 agebant,
1953 980 2129 1037 etiam
2179 982 2409 1039 secutis

383 1076 735 1151 temporibus
765 1075 921 1132 vario
951 1092 1179 1132 rumore
1209 1073 1434 1133 iactata.
1510 1075 1659 1133 adeo
1689 1076 1943 1139 maxima
1973 1096 2235 1155 quaeque
2265 1098 2406 1162 am·
2436 1091 2474 1135 3

383 1174 558 1250 bigua
615 1182 760 1242 sunt,
808 1173 949 1230 dum
1005 1172 1100 1229 alii
1149 1190 1388 1248 quoquo
1446 1173 1625 1231 modo
1682 1174 1877 1232 audita
1933 1193 2040 1251 pro
2096 1178 2407 1254 conpertis

311 1294 368 1332 10
385 1272 614 1342 habent,
659 1272 751 1329 alii
793 1290 925 1329 vera
968 1271 1028 1327 in
1079 1270 1430 1329 contrarium
1472 1279 1712 1342 vertunt,
1757 1281 1814 1330 et
1855 1273 2041 1348 gliscit
2084 1284 2403 1350 utrumque

383 1370 730 1448 posteritate.
812 1378 870 1427 at
925 1368 1148 1426 Drusus
1196 1370 1338 1426 urbe
1395 1386 1659 1444 egressus
1716 1372 2043 1445 repetendis
2100 1369 2401 1447 auspiciiS‚
2428 1384 2469 1428 4

384 1486 524 1526 mox
554 1485 733 1525 ovans
763 1467 992 1525 introiit.
1067 1485 1401 1543 paucosque
1431 1475 1566 1542 post
1594 1468 1716 1525 dies
1746 1466 2028 1544 Vipsania
2055 1479 2242 1528 mater
2272 1470 2400 1527 eius

383 1566 645 1634 excessit,
686 1583 802 1622 una
843 1565 1104 1623 omnium
1144 1565 1439 1650 Agrippae
1481 1564 1789 1623 liberorum
1829 1566 1953 1623 miti
1994 1567 2171 1624 obitu.
2253 1586 2398 1625 nam
2427 1580 2464 1625 5

386 1673 607 1721 ceteros
648 1662 1014 1720 manifestum
1053 1661 1203 1722 ferro
1246 1662 1334 1720 vel
1375 1663 1657 1721 creditum
1696 1672 1783 1722 est
1823 1682 2047 1722 veneno
2093 1674 2195 1723 aut
2237 1664 2395 1724 fame

312 1782 366 1831 15
386 1761 684 1819 extinctos,

466 1866 570 1919 20.
620 1858 847 1918 Eodem
882 1877 1036 1917 anno
1061 1856 1417 1931 Tacfarinas,
1456 1878 1631 1935 quem
1675 1860 1864 1935 priore
1906 1869 2117 1920 aestate
2157 1862 2396 1938 pulsum

386 1976 423 2017 a
450 1958 694 2018 Camillo
729 1956 1059 2028 memoravi,
1088 1957 1302 2015 bellum
1338 1958 1398 2015 in
1432 1956 1630 2016 Africa
1662 1969 1914 2029 renovat,
1946 1959 2103 2034 vagis
2138 1961 2396 2037 primum

386 2057 848 2133 populationibus
890 2065 947 2113 et
984 2057 1062 2114 ob
1101 2055 1499 2131 pernicitatem
1544 2055 1751 2125 inultiS,
1796 2056 1928 2114 dein
1968 2058 2125 2116 vicos
2164 2060 2395 2123 exscinf

387 2156 536 2227 dere,
567 2155 787 2214 trahere
819 2172 1020 2231 graves
1058 2153 1299 2231 praedas
1322 2175 1340 2228 3
1384 2163 1683 2230 postremo
1723 2153 1877 2212 haud
1911 2154 2116 2231 procul
2151 2155 2396 2232 Pagyda

312 2277 372 2312 20
387 2255 622 2313 flumine
665 2253 956 2312 cohortem
1007 2251 1337 2310 Romanam
1387 2251 1765 2311 circumsedit.
1851 2262 2111 2327 praeerat
2152 2254 2395 2312 castello
2422 2262 2458 2307 2

387 2352 629 2411 Decrius
667 2352 910 2427 impiger
945 2369 1138 2422 mann,
1176 2351 1461 2409 exercitus
1503 2349 1701 2408 militia
1741 2358 1797 2407 et
1832 2349 1987 2408 illam
2025 2351 2395 2411 obsidionem

387 2450 582 2527 fiagitii
611 2459 779 2508 ratuS.
823 2451 870 2507 is
899 2449 1231 2508 cohortatus
1261 2450 1472 2507 milites
1500 2459 1564 2507 ut
1585 2448 1816 2524 copiam
1843 2467 2074 2525 pugnae
2101 2449 2163 2506 in
2191 2461 2395 2527 aperto

386 2547 655 2618 facerent,
694 2547 877 2605 aciem
919 2566 1024 2624 pro
1070 2548 1268 2606 castris
1313 2547 1553 2604 instruit.
1638 2547 1939 2623 primoque
1973 2546 2191 2622 impetu
2230 2547 2396 2623 pulsa
2423 2556 2456 2601 3

389 2646 621 2705 cohorte
677 2655 976 2721 promptus
1033 2646 1179 2703 inter
1234 2644 1349 2702 tela
1407 2652 1670 2702 occursat
1727 2643 2084 2719 fugientibuS,
2135 2645 2397 2720 increpat

313 2769 371 2818 25
391 2743 708 2820 signifer08‚
753 2742 910 2819 quod
955 2742 1263 2802 inconditis
1315 2749 1411 2800 aut
1453 2742 1836 2800 desertoribus
1879 2742 2042 2800 miles
2087 2742 2395 2803 Romanus

396 2851 555 2917 terga
583 2841 744 2898 daret
761 2858 776 2911 3
823 2838 990 2898 simul
1027 2847 1294 2914 exceptat
1324 2838 1561 2897 vulnera
1590 2850 1646 2898 et
1676 2858 2033 2918 quamquam
2068 2839 2387 2898 transfosso

393 2938 564 2997 oculo
593 2938 894 2995 adversum
922 2954 989 2993 os
1016 2936 1076 2992 in
1106 2935 1331 2994 hostem
1363 2935 1624 3006 intendit,
1655 2954 1841 3012 neque
1872 2937 2153 3010 proelium
2183 2937 2397 3009 omisit,

391 3037 580 3095 donec
609 3035 866 3093 desertus
897 3035 1010 3090 suis
1041 3032 1287 3092 caderet.

471 3140 562 3193 21.
610 3133 779 3204 Quae
807 3142 1116 3207 postquam
1152 3130 1220 3189 L.
1250 3131 1518 3207 Apronio
1550 3128 1712 3209 (nam
1743 3129 1988 3190 Camillo
2018 3132 2397 3210 successerat)

316 3255 378 3304 30
395 3241 706 3307 comperta,
736 3228 921 3306 magis
952 3229 1237 3288 dedecore
1267 3247 1503 3288 suorum
1532 3247 1710 3305 quam
1742 3229 1934 3303 gloria'
1961 3229 2139 3288 hostis
2169 3231 2395 3301 anxius,

391 3346 520 3388 raro
560 3348 631 3387 ea
670 3335 1009 3402 tempestate
1051 3337 1109 3386 et
1149 3347 1181 3385 e
1224 3337 1410 3385 vetere
1460 3327 1742 3385 memoria
1784 3326 2039 3386 facinore
2083 3328 2397 3386 decumum

393 3445 679 3504 quemque
743 3426 1163 3502 ignominiosae
1228 3425 1477 3484 cohortis
1535 3434 1686 3483 sorte
1751 3425 1954 3483 ductos
2009 3423 2145 3483 fusti
2206 3436 2394 3484 necat.

391 3535 730 3601 tantumque
791 3526 1083 3584 severitate
1138 3522 1477 3600 profectum,
1526 3532 1589 3580 ut
1643 3522 1913 3580 vexillum
1970 3531 2391 3594 veteranorum,
2417 3531 2456 3579 8
