2594 3925
387 199 507 273 186'
830 220 1192 271 CORNELII
1232 222 1323 270 TA
1335 222 1495 271 ειη
1526 221 1946 271 ANNALIUM
2039 210 2245 294 [nuc.
2270 223 2386 287 ⁷78·

380 396 514 437 eum
555 378 792 437 crimina
824 396 929 455 per
954 378 1192 437 Vibium
1231 378 1529 439 Serenum.
1615 398 1803 457 neque
1835 390 2032 440 tamen
2064 381 2126 440 id
2166 379 2386 440 Sereno
2412 391 2448 438 5

383 494 569 535 noxae
597 476 714 547 fuit,
745 495 921 552 quem
948 477 1148 535 odium
1176 475 1472 553 publicum
1499 478 1764 536 tutiorem
1799 477 2056 538 faciebat.
2145 497 2283 537 nam
2319 487 2386 536 ut

380 574 507 650 quis
564 574 882 633 destrictior
936 583 1254 645 accusator,
1309 574 1462 635 velut
1517 586 1920 636 sacrosanctus
1986 586 2146 635 erat:
2213 576 2384 647 leveS,

380 671 664 747 ignobiles
705 672 910 750 poenis
951 671 1385 744 adficiehantur.

324 793 353 842 5
458 776 557 831 37.
600 770 709 829 Per
734 770 891 829 idem
917 778 1148 846 tempus
1176 769 1465 847 Hispania
1503 770 1737 830 ulterior
1769 773 1958 832 missis
1998 772 2075 833 ad
2118 783 2386 833 senatum

377 868 575 945 legatis
616 869 815 940 oravit,
856 877 918 926 ut
957 867 1232 945 exemplo
1271 867 1451 928 Asiae
1485 869 1786 928 delubrum
1825 871 2064 930 Tiberio
2101 872 2384 948 matrique

375 967 497 1025 eius
539 975 866 1025 exstrueret.
950 984 1063 1043 qua
1104 968 1419 1026 occasione
1450 966 1683 1040 Caesar,
1711 969 1935 1028 validus
1974 969 2188 1046 alioqui
2228 987 2386 1046 sper·
2412 982 2446 1027 2

377 1065 582 1123 nendis
617 1064 934 1123 honoribus
968 1073 1026 1122 et
1062 1063 1540 1140 respondendum
1576 1075 1733 1124 ratus
1764 1067 1836 1125 iis
1870 1047 2118 1145 quorum
2153 1084 2386 1126 rumore

376 1164 717 1239 arguebatur
759 1162 819 1218 in
862 1162 1240 1221 ambitionem
1286 1162 1536 1233 flexisse,
1579 1163 1816 1223 huiusce
1857 1164 2019 1225 modi
2061 1167 2386 1224 orationem

304 1285 360 1320 10
376 1262 568 1339 coepit
595 1281 609 1318 ε
655 1266 669 1293 ‘
689 1260 828 1332 sci0,
866 1269 1058 1335 patres
1101 1261 1430 1337 conscripti,
1460 1263 1849 1321 constantiam
1881 1281 2074 1322 meam
2107 1281 2144 1322 a
2183 1263 2385 1340 pleris-
2409 1276 2441 1322 3

375 1377 486 1436 que
537 1357 932 1428 desideratam,
982 1358 1142 1434 quod
1186 1357 1362 1417 Asiae
1406 1358 1728 1417 civitatibus
1777 1378 1961 1437 nuper
2015 1361 2174 1420 idem
2229 1362 2385 1421 istud

374 1458 700 1535 petentibus
742 1472 865 1513 non
907 1456 1017 1513 sim
1057 1456 1409 1515 adversatus.
1492 1474 1635 1533 ergo
1676 1466 1734 1516 et
1781 1458 1984 1534 prioris
2026 1459 2234 1517 silentii
2285 1459 2384 1518 de·-

373 1556 714 1626 fensionem,
742 1564 801 1613 et
825 1553 967 1631 quid
993 1555 1054 1612 in
1081 1554 1333 1614 futurum
1361 1555 1670 1626 statuerim,
1694 1555 1864 1613 simul
1892 1557 2164 1632 aperiam.
2250 1575 2385 1615 cum
2406 1567 2442 1612 4

376 1655 538 1713 divus
565 1654 862 1730 Augustus
891 1653 1001 1712 sibi
1028 1662 1203 1731 atque
1228 1653 1355 1710 urbi
1385 1652 1611 1712 Romae
1650 1653 1932 1729 templum
1971 1655 2125 1731 apud
2170 1654 2384 1732 Perga-

302 1777 355 1826 15
373 1772 535 1812 mum
575 1753 697 1812 sisti
736 1771 858 1811 non
906 1751 1311 1828 prohibuisset,
1354 1751 1454 1828 qui
1503 1751 1703 1810 omnia
1748 1750 1900 1811 facta
1943 1752 2210 1829 dictaque
2260 1755 2384 1812 eius

373 1854 495 1912 vice
540 1853 685 1929 legis
726 1853 1045 1924 observem,
1086 1850 1363 1928 placitum
1403 1850 1521 1909 iam
1560 1850 1894 1927 exemplum
1938 1852 2259 1927 promptius
2293 1869 2385 1910 se-

372 1960 533 2011 cutus
575 1970 720 2023 sum,
759 1951 897 2028 quia
936 1950 1111 2010 cultui
1152 1968 1286 2008 meo
1330 1949 1623 2008 veneratio
1671 1957 1902 2009 senatus
1944 1948 2383 2027 adiungebatur.

373 2061 623 2109 ceterum
662 2060 725 2108 ut
765 2049 945 2111 semel
984 2049 1276 2126 recepisse
1318 2048 1549 2107 veniam
1587 2047 1865 2119 habuerit,
1907 2048 1989 2107 ita
2025 2067 2237 2113 ¹omnes
2280 2068 2386 2126 per
2407 2057 2440 2105 5

370 2148 694 2225 provincias
723 2147 910 2224 effigie
939 2147 1243 2205 numinum
1272 2147 1485 2205 sacrari
1512 2146 1899 2219 ambitiosum,
1929 2149 2283 2224 superbum;
2322 2157 2385 2206 et

297 2270 356 2304 20
374 2256 641 2305 vanescet
669 2227 915 2321 Augusti
944 2245 1150 2316 honor,
1181 2245 1229 2303 si
1256 2245 1562 2321 promiscis
1589 2245 2011 2316 adulationibus
2039 2247 2319 2324 vulgatur.

452 2328 554 2405 38ss
596 2344 728 2421 Ego
784 2362 897 2414 me,
948 2352 1138 2420 patres
1186 2343 1518 2420 conscripti,
1562 2343 1865 2403 mortalem
1910 2362 2038 2404 esse
2087 2355 2145 2404 et
2194 2346 2383 2404 homi-

372 2462 513 2501 num
556 2441 749 2501 officia
796 2441 959 2516 fungi
1008 2441 1258 2517 satisque
1301 2440 1528 2512 habere,
1580 2442 1628 2499 si
1672 2441 1867 2500 locum
1907 2443 2233 2520 principem
2274 2444 2381 2502 im-

372 2541 580 2617 pleam,
627 2548 684 2598 et
723 2556 828 2597 vos
872 2548 1049 2597 testor
1092 2547 1150 2597 et
1199 2538 1534 2599 meminisse
1577 2549 1843 2616 posteros
1885 2540 2054 2613 volo;
2103 2542 2202 2618 qui
2247 2543 2386 2600 satis

370 2655 652 2715 superque
681 2637 991 2695 memoriae
1019 2654 1186 2697 meae
1213 2637 1480 2707 tribuent,
1509 2646 1574 2695 ut
1602 2638 1914 2697 maioribus
1943 2638 2090 2698 meis
2119 2639 2383 2716 dignum,

297 2763 319 2795 2
326 2760 353 2809 5
372 2755 559 2795 rerum
603 2745 912 2794 vestrarum
959 2734 1281 2811 providum,
1332 2744 1697 2793 constantem
1751 2736 1813 2793 in
1868 2736 2148 2813 periculiS,
2197 2738 2386 2796 offen-

371 2837 602 2893 sionum
629 2851 737 2910 pro
765 2832 999 2890 utilitate
1028 2831 1263 2909 publica
1290 2850 1414 2891 non
1443 2832 1717 2909 pavidum
1746 2834 2003 2893 credant.
2065 2834 2211 2893 haec
2239 2836 2385 2893 mihi
2408 2849 2439 2894 2

372 2934 430 2991 in
471 2932 679 2991 animis
721 2931 919 2989 vestris
961 2930 1193 3007 templa,
1238 2930 1349 2989 hae
1392 2930 1807 3007 pulcherrimae
1855 2931 2074 3008 effigies
2119 2941 2177 2991 et
2216 2952 2384 2991 man-

370 3049 550 3090 surae.
632 3047 772 3087 nam
803 3045 952 3104 quae
993 3046 1136 3085 saxo
1171 3036 1478 3099 struuntur,
1523 3029 1571 3086 si
1602 3028 1875 3087 iudicium
1916 3038 2282 3104 posterorum
2325 3031 2385 3088 in

308 3128 321 3133 ’
368 3129 568 3188 odium
621 3127 801 3198 vertit,
857 3143 964 3202 pro
1021 3124 1340 3201 sepulchris
1396 3135 1757 3202 spernuntur.
1877 3125 2122 3202 proinde
2185 3127 2383 3187 socios
2408 3141 2437 3185 3

290 3251 353 3297 30
371 3226 522 3286 cives
550 3236 607 3284 et
635 3226 780 3284 deos
812 3224 973 3300 ipsos
1002 3240 1224 3299 precor,
1252 3223 1363 3282 hos
1401 3233 1464 3281 ut
1504 3223 1645 3282 mihi
1682 3223 1759 3282 ad
1799 3223 1978 3282 finem
2016 3240 2202 3301 usque
2231 3225 2383 3284 vitae

368 3326 622 3401 quietam
650 3333 708 3382 et
733 3321 1162 3396 intellegentem
1189 3319 1427 3380 humani
1446 3320 1737 3398 divinique
1758 3322 1896 3380 iuris
1916 3330 2175 3380 mentem
2198 3320 2381 3391 duint,

370 3422 495 3480 illos
530 3431 609 3491 ut,
640 3420 990 3498 quandoque
1029 3436 1393 3490 concesser0‚
1425 3437 1559 3478 cum
1600 3418 1770 3478 laude
1805 3427 1863 3477 et
1896 3419 2069 3479 bonis
2109 3420 2381 3477 recorda-

370 3519 623 3579 tionibus
650 3518 799 3576 facta
829 3527 1002 3593 atque
1030 3517 1246 3575 famam
1274 3517 1528 3576 nominis
1556 3517 1669 3574 mei
1707 3514 2161 3593 prosequantur!
2244 3534 2381 3593 per·
2404 3519 2439 3567 4
