<?xml version="1.0" encoding="UTF-8"?>
<!DOCTYPE html PUBLIC "-//W3C//DTD XHTML 1.0 Transitional//EN"
    "http://www.w3.org/TR/xhtml1/DTD/xhtml1-transitional.dtd">
<html xmlns="http://www.w3.org/1999/xhtml" xml:lang="en" lang="en">
 <head>
  <title>
</title>
<meta http-equiv="Content-Type" content="text/html;charset=utf-8" />
  <meta name='ocr-system' content='tesseract 3.04.00' />
  <meta name='ocr-capabilities' content='ocr_page ocr_carea ocr_par ocr_line ocrx_word'/>
</head>
<body>
  <div class='ocr_page' id='page_1' title='image "./annalium00tacigoog_0061.png"; bbox 0 0 2594 3925; ppageno 0'>
   <div class='ocr_carea' id='block_1_1' title="bbox 192 203 2213 290">
    <p class='ocr_par' dir='ltr' id='par_1_1' title="bbox 192 203 2213 290">
     <span class='ocr_line' id='line_1_1' title="bbox 192 203 2213 290; baseline -0.001 -23"><span class='ocrx_word' id='word_1_1' title='bbox 192 227 323 268; x_wconf 52' lang='lat' dir='ltr'>sen.</span> <span class='ocrx_word' id='word_1_2' title='bbox 362 203 467 290; x_wconf 84' lang='lat'>14.]</span> <span class='ocrx_word' id='word_1_3' title='bbox 857 216 1089 264; x_wconf 83' lang='lat' dir='ltr'><em>LIBER</em></span> <span class='ocrx_word' id='word_1_4' title='bbox 1131 217 1179 265; x_wconf 83' lang='lat' dir='ltr'>J.</span> <span class='ocrx_word' id='word_1_5' title='bbox 1241 215 1394 264; x_wconf 79' lang='lat' dir='ltr'>CAP.</span> <span class='ocrx_word' id='word_1_6' title='bbox 1439 209 1574 281; x_wconf 85' lang='lat'>5-8.</span> <span class='ocrx_word' id='word_1_7' title='bbox 2144 220 2213 283; x_wconf 80' lang='lat'>47</span> 
     </span>
    </p>
   </div>
   <div class='ocr_carea' id='block_1_2' title="bbox 52 373 2296 3609">
    <p class='ocr_par' dir='ltr' id='par_1_2' title="bbox 285 373 2211 449">
     <span class='ocr_line' id='line_1_2' title="bbox 285 373 2211 449; baseline -0.003 -14"><span class='ocrx_word' id='word_1_8' title='bbox 285 383 347 436; x_wconf 89' lang='grc'>’7.</span> <span class='ocrx_word' id='word_1_9' title='bbox 390 375 473 433; x_wconf 87' lang='lat' dir='ltr'>At</span> <span class='ocrx_word' id='word_1_10' title='bbox 514 374 743 436; x_wconf 87' lang='lat' dir='ltr'>Romae</span> <span class='ocrx_word' id='word_1_11' title='bbox 792 392 956 432; x_wconf 88' lang='lat' dir='ltr'>ruere</span> <span class='ocrx_word' id='word_1_12' title='bbox 997 374 1058 431; x_wconf 91' lang='lat' dir='ltr'>in</span> <span class='ocrx_word' id='word_1_13' title='bbox 1101 374 1394 435; x_wconf 84' lang='lat' dir='ltr'>servitium</span> <span class='ocrx_word' id='word_1_14' title='bbox 1436 373 1724 444; x_wconf 83' lang='lat' dir='ltr'>consuleS,</span> <span class='ocrx_word' id='word_1_15' title='bbox 1766 383 1973 449; x_wconf 83' lang='lat' dir='ltr'>patreS,</span> <span class='ocrx_word' id='word_1_16' title='bbox 2018 390 2211 449; x_wconf 89' lang='lat' dir='ltr'><strong>eques.</strong></span> 
     </span>
    </p>

    <p class='ocr_par' dir='ltr' id='par_1_3' title="bbox 131 471 2215 747">
     <span class='ocr_line' id='line_1_3' title="bbox 131 471 2215 550; baseline 0.001 -25"><span class='ocrx_word' id='word_1_17' title='bbox 131 482 167 525; x_wconf 82' lang='lat'>2</span> <span class='ocrx_word' id='word_1_18' title='bbox 202 482 438 549; x_wconf 88' lang='lat' dir='ltr'>quanto</span> <span class='ocrx_word' id='word_1_19' title='bbox 470 474 600 550; x_wconf 91' lang='lat' dir='ltr'>quis</span> <span class='ocrx_word' id='word_1_20' title='bbox 628 473 933 545; x_wconf 89' lang='lat' dir='ltr'>inlustrior,</span> <span class='ocrx_word' id='word_1_21' title='bbox 961 482 1125 531; x_wconf 86' lang='lat' dir='ltr'>tanto</span> <span class='ocrx_word' id='word_1_22' title='bbox 1162 474 1351 549; x_wconf 87' lang='lat' dir='ltr'>magis</span> <span class='ocrx_word' id='word_1_23' title='bbox 1389 472 1515 530; x_wconf 89' lang='lat' dir='ltr'>falsi</span> <span class='ocrx_word' id='word_1_24' title='bbox 1548 490 1616 530; x_wconf 87' lang='lat' dir='ltr'>ac</span> <span class='ocrx_word' id='word_1_25' title='bbox 1653 471 2004 542; x_wconf 83' lang='lat' dir='ltr'>festinanteS,</span> <span class='ocrx_word' id='word_1_26' title='bbox 2034 471 2215 528; x_wconf 90' lang='lat' dir='ltr'>vultu·</span> 
     </span>
     <span class='ocr_line' id='line_1_4' title="bbox 197 570 2214 648; baseline -0 -20"><span class='ocrx_word' id='word_1_27' title='bbox 197 589 319 647; x_wconf 91' lang='lat' dir='ltr'>que</span> <span class='ocrx_word' id='word_1_28' title='bbox 366 573 710 648; x_wconf 91' lang='lat' dir='ltr'>composito,</span> <span class='ocrx_word' id='word_1_29' title='bbox 740 591 813 631; x_wconf 90' lang='lat' dir='ltr'>ne</span> <span class='ocrx_word' id='word_1_30' title='bbox 855 572 990 630; x_wconf 87' lang='lat' dir='ltr'>laeti</span> <span class='ocrx_word' id='word_1_31' title='bbox 1022 589 1265 631; x_wconf 85' lang='lat' dir='ltr'>excessu</span> <span class='ocrx_word' id='word_1_32' title='bbox 1306 571 1586 648; x_wconf 91' lang='lat' dir='ltr'>principis</span> <span class='ocrx_word' id='word_1_33' title='bbox 1629 588 1743 628; x_wconf 90' lang='lat' dir='ltr'>neu</span> <span class='ocrx_word' id='word_1_34' title='bbox 1779 571 2055 629; x_wconf 89' lang='lat' dir='ltr'>tristiores</span> <span class='ocrx_word' id='word_1_35' title='bbox 2098 570 2214 646; x_wconf 88' lang='lat' dir='ltr'>pri-</span> 
     </span>
     <span class='ocr_line' id='line_1_5' title="bbox 197 668 2210 747; baseline -0 -21"><span class='ocrx_word' id='word_1_36' title='bbox 197 669 454 739; x_wconf 89' lang='lat' dir='ltr'>mordio,</span> <span class='ocrx_word' id='word_1_37' title='bbox 497 671 764 730; x_wconf 85' lang='lat' dir='ltr'>lacrimas</span> <span class='ocrx_word' id='word_1_38' title='bbox 804 670 1096 747; x_wconf 88' lang='lat' dir='ltr'>gaudium,</span> <span class='ocrx_word' id='word_1_39' title='bbox 1140 679 1379 747; x_wconf 89' lang='lat' dir='ltr'>questus</span> <span class='ocrx_word' id='word_1_40' title='bbox 1428 668 1821 728; x_wconf 85' lang='lat' dir='ltr'>adulationem</span> <span class='ocrx_word' id='word_1_41' title='bbox 1870 670 2210 728; x_wconf 85' lang='lat' dir='ltr'>miscebant.</span> 
     </span>
    </p>

    <p class='ocr_par' dir='ltr' id='par_1_4' title="bbox 131 767 2264 1043">
     <span class='ocr_line' id='line_1_6' title="bbox 131 767 2264 845; baseline -0.001 -19"><span class='ocrx_word' id='word_1_42' title='bbox 131 773 167 818; x_wconf 82' lang='lat'><em>8</em></span> <span class='ocrx_word' id='word_1_43' title='bbox 202 767 344 826; x_wconf 88' lang='lat' dir='ltr'>Sex.</span> <span class='ocrx_word' id='word_1_44' title='bbox 388 768 702 845; x_wconf 91' lang='lat' dir='ltr'>Pompeius</span> <span class='ocrx_word' id='word_1_45' title='bbox 747 778 806 828; x_wconf 92' lang='lat' dir='ltr'>et</span> <span class='ocrx_word' id='word_1_46' title='bbox 855 768 989 828; x_wconf 87' lang='lat' dir='ltr'>Sex.</span> <span class='ocrx_word' id='word_1_47' title='bbox 1031 768 1357 845; x_wconf 75' lang='lat' dir='ltr'>Appuleius</span> <span class='ocrx_word' id='word_1_48' title='bbox 1406 767 1677 828; x_wconf 90' lang='lat' dir='ltr'>consules</span> <span class='ocrx_word' id='word_1_49' title='bbox 1719 768 1890 844; x_wconf 91' lang='lat' dir='ltr'>primi</span> <span class='ocrx_word' id='word_1_50' title='bbox 1935 769 1995 825; x_wconf 90' lang='lat' dir='ltr'>in</span> <span class='ocrx_word' id='word_1_51' title='bbox 2043 768 2215 826; x_wconf 90' lang='lat' dir='ltr'>verba</span> <span class='ocrx_word' id='word_1_52' title='bbox 2237 788 2264 838; x_wconf 86' lang='lat'>5</span> 
     </span>
     <span class='ocr_line' id='line_1_7' title="bbox 201 864 2211 949; baseline 0 -26"><span class='ocrx_word' id='word_1_53' title='bbox 201 865 429 925; x_wconf 92' lang='lat' dir='ltr'>Tiberii</span> <span class='ocrx_word' id='word_1_54' title='bbox 474 866 741 927; x_wconf 80' lang='lat' dir='ltr'>Caesaris</span> <span class='ocrx_word' id='word_1_55' title='bbox 788 869 1061 939; x_wconf 88' lang='lat' dir='ltr'>iuravere,</span> <span class='ocrx_word' id='word_1_56' title='bbox 1105 867 1378 949; x_wconf 51' lang='lat' dir='ltr'>apudque</span> <span class='ocrx_word' id='word_1_57' title='bbox 1420 885 1524 926; x_wconf 88' lang='lat' dir='ltr'>eos</span> <span class='ocrx_word' id='word_1_58' title='bbox 1570 866 1736 925; x_wconf 92' lang='lat' dir='ltr'>Seius</span> <span class='ocrx_word' id='word_1_59' title='bbox 1784 865 1994 925; x_wconf 90' lang='lat' dir='ltr'>Strabo</span> <span class='ocrx_word' id='word_1_60' title='bbox 2044 876 2100 924; x_wconf 88' lang='lat' dir='ltr'>et</span> <span class='ocrx_word' id='word_1_61' title='bbox 2143 864 2211 934; x_wconf 74' lang='lat' dir='ltr'>C.</span> 
     </span>
     <span class='ocr_line' id='line_1_8' title="bbox 204 963 2210 1043; baseline 0 -21"><span class='ocrx_word' id='word_1_62' title='bbox 204 963 552 1038; x_wconf 82' lang='lat' dir='ltr'>TurraniuS,</span> <span class='ocrx_word' id='word_1_63' title='bbox 594 966 687 1025; x_wconf 89' lang='lat' dir='ltr'>ille</span> <span class='ocrx_word' id='word_1_64' title='bbox 741 965 1153 1043; x_wconf 86' lang='lat' dir='ltr'>praetoriarum</span> <span class='ocrx_word' id='word_1_65' title='bbox 1202 966 1529 1025; x_wconf 89' lang='lat' dir='ltr'>cohortium</span> <span class='ocrx_word' id='word_1_66' title='bbox 1577 964 1917 1042; x_wconf 87' lang='lat' dir='ltr'>praefectus,</span> <span class='ocrx_word' id='word_1_67' title='bbox 1969 964 2062 1022; x_wconf 92' lang='lat' dir='ltr'>hic</span> <span class='ocrx_word' id='word_1_68' title='bbox 2108 982 2210 1022; x_wconf 88' lang='lat' dir='ltr'>an-</span> 
     </span>
    </p>

    <p class='ocr_par' dir='ltr' id='par_1_5' title="bbox 133 1064 2214 1245">
     <span class='ocr_line' id='line_1_9' title="bbox 133 1064 2214 1143; baseline 0.002 -25"><span class='ocrx_word' id='word_1_69' title='bbox 133 1075 174 1118; x_wconf 83' lang='lat'><em>4</em></span> <span class='ocrx_word' id='word_1_70' title='bbox 203 1082 443 1137; x_wconf 80' lang='lat' dir='ltr'>nonae3</span> <span class='ocrx_word' id='word_1_71' title='bbox 486 1083 628 1125; x_wconf 86' lang='lat' dir='ltr'>mox</span> <span class='ocrx_word' id='word_1_72' title='bbox 674 1075 909 1124; x_wconf 87' lang='lat' dir='ltr'>senatus</span> <span class='ocrx_word' id='word_1_73' title='bbox 954 1064 1236 1143; x_wconf 88' lang='lat' dir='ltr'>milesque</span> <span class='ocrx_word' id='word_1_74' title='bbox 1285 1076 1343 1124; x_wconf 94' lang='lat' dir='ltr'>et</span> <span class='ocrx_word' id='word_1_75' title='bbox 1392 1067 1658 1143; x_wconf 77' lang='lat' dir='ltr'>populus,</span> <span class='ocrx_word' id='word_1_76' title='bbox 1743 1064 1901 1124; x_wconf 88' lang='lat' dir='ltr'>Nam</span> <span class='ocrx_word' id='word_1_77' title='bbox 1945 1064 2214 1123; x_wconf 91' lang='lat' dir='ltr'>Tiberius</span> 
     </span>
     <span class='ocr_line' id='line_1_10' title="bbox 204 1163 2213 1245; baseline -0.001 -22"><span class='ocrx_word' id='word_1_78' title='bbox 204 1172 420 1223; x_wconf 88' lang='lat' dir='ltr'>cuncta</span> <span class='ocrx_word' id='word_1_79' title='bbox 467 1182 570 1240; x_wconf 92' lang='lat' dir='ltr'>per</span> <span class='ocrx_word' id='word_1_80' title='bbox 617 1164 885 1223; x_wconf 91' lang='lat' dir='ltr'>consules</span> <span class='ocrx_word' id='word_1_81' title='bbox 935 1165 1281 1241; x_wconf 75' lang='lat' dir='ltr'>incipiebat,‘</span> <span class='ocrx_word' id='word_1_82' title='bbox 1304 1175 1604 1245; x_wconf 78' lang='lat' dir='ltr'>tamquam</span> <span class='ocrx_word' id='word_1_83' title='bbox 1645 1173 1836 1223; x_wconf 87' lang='lat' dir='ltr'>vetere</span> <span class='ocrx_word' id='word_1_84' title='bbox 1876 1182 1939 1222; x_wconf 90' lang='lat' dir='ltr'>re</span> <span class='ocrx_word' id='word_1_85' title='bbox 1980 1163 2213 1239; x_wconf 90' lang='lat' dir='ltr'>publica</span> 
     </span>
    </p>

    <p class='ocr_par' dir='ltr' id='par_1_6' title="bbox 136 1261 2296 1441">
     <span class='ocr_line' id='line_1_11' title="bbox 136 1261 2296 1341; baseline 0.001 -23"><span class='ocrx_word' id='word_1_86' title='bbox 136 1273 174 1318; x_wconf 84' lang='lat'><strong>5</strong></span> <span class='ocrx_word' id='word_1_87' title='bbox 205 1271 263 1319; x_wconf 86' lang='lat' dir='ltr'>et</span> <span class='ocrx_word' id='word_1_88' title='bbox 306 1261 613 1337; x_wconf 91' lang='lat' dir='ltr'>ambiguus</span> <span class='ocrx_word' id='word_1_89' title='bbox 654 1262 1011 1339; x_wconf 87' lang='lat' dir='ltr'>imperandi:</span> <span class='ocrx_word' id='word_1_90' title='bbox 1051 1282 1128 1323; x_wconf 88' lang='lat' dir='ltr'>ne</span> <span class='ocrx_word' id='word_1_91' title='bbox 1171 1263 1424 1322; x_wconf 88' lang='lat' dir='ltr'>edictum</span> <span class='ocrx_word' id='word_1_92' title='bbox 1462 1262 1716 1341; x_wconf 89' lang='lat' dir='ltr'>quidem,</span> <span class='ocrx_word' id='word_1_93' title='bbox 1760 1281 1878 1339; x_wconf 93' lang='lat' dir='ltr'>quo</span> <span class='ocrx_word' id='word_1_94' title='bbox 1915 1272 2107 1338; x_wconf 87' lang='lat' dir='ltr'>patres</span> <span class='ocrx_word' id='word_1_95' title='bbox 2149 1263 2211 1321; x_wconf 89' lang='lat' dir='ltr'>in</span> <span class='ocrx_word' id='word_1_96' title='bbox 2239 1287 2296 1322; x_wconf 91' lang='lat'>10</span> 
     </span>
     <span class='ocr_line' id='line_1_12' title="bbox 206 1360 2213 1441; baseline 0 -22"><span class='ocrx_word' id='word_1_97' title='bbox 206 1360 430 1419; x_wconf 89' lang='lat' dir='ltr'>curiam</span> <span class='ocrx_word' id='word_1_98' title='bbox 490 1362 751 1434; x_wconf 86' lang='lat' dir='ltr'>vocabat,</span> <span class='ocrx_word' id='word_1_99' title='bbox 814 1361 927 1420; x_wconf 89' lang='lat' dir='ltr'>nisi</span> <span class='ocrx_word' id='word_1_100' title='bbox 990 1362 1325 1420; x_wconf 90' lang='lat' dir='ltr'>tribuniciae</span> <span class='ocrx_word' id='word_1_101' title='bbox 1391 1362 1687 1437; x_wconf 89' lang='lat' dir='ltr'>potestatis</span> <span class='ocrx_word' id='word_1_102' title='bbox 1761 1362 2213 1441; x_wconf 67' lang='lat' dir='ltr'>praescriptione</span> 
     </span>
    </p>

    <p class='ocr_par' dir='ltr' id='par_1_7' title="bbox 52 1459 2213 1736">
     <span class='ocr_line' id='line_1_13' title="bbox 52 1459 2213 1537; baseline 0.003 -25"><span class='ocrx_word' id='word_1_103' title='bbox 52 1500 63 1509; x_wconf 90' lang='lat'>.</span> <span class='ocrx_word' id='word_1_104' title='bbox 137 1466 179 1512; x_wconf 80' lang='lat'><strong>6</strong></span> <span class='ocrx_word' id='word_1_105' title='bbox 206 1459 401 1535; x_wconf 90' lang='lat' dir='ltr'>posuit</span> <span class='ocrx_word' id='word_1_106' title='bbox 459 1461 569 1518; x_wconf 92' lang='lat' dir='ltr'>sub</span> <span class='ocrx_word' id='word_1_107' title='bbox 621 1460 893 1536; x_wconf 90' lang='lat' dir='ltr'>Augusto</span> <span class='ocrx_word' id='word_1_108' title='bbox 952 1472 1242 1537; x_wconf 87' lang='lat' dir='ltr'>acceptae.</span> <span class='ocrx_word' id='word_1_109' title='bbox 1339 1461 1515 1518; x_wconf 89' lang='lat' dir='ltr'>verba</span> <span class='ocrx_word' id='word_1_110' title='bbox 1573 1459 1742 1518; x_wconf 89' lang='lat' dir='ltr'>edicti</span> <span class='ocrx_word' id='word_1_111' title='bbox 1806 1459 1965 1519; x_wconf 89' lang='lat' dir='ltr'>fuere</span> <span class='ocrx_word' id='word_1_112' title='bbox 2026 1479 2213 1537; x_wconf 86' lang='lat' dir='ltr'>pauca</span> 
     </span>
     <span class='ocr_line' id='line_1_14' title="bbox 207 1558 2209 1639; baseline 0.001 -25"><span class='ocrx_word' id='word_1_113' title='bbox 207 1566 265 1614; x_wconf 95' lang='lat' dir='ltr'>et</span> <span class='ocrx_word' id='word_1_114' title='bbox 316 1575 491 1617; x_wconf 91' lang='lat' dir='ltr'>sensu</span> <span class='ocrx_word' id='word_1_115' title='bbox 540 1558 949 1634; x_wconf 88' lang='lat' dir='ltr'>permodesto:</span> <span class='ocrx_word' id='word_1_116' title='bbox 1003 1559 1077 1618; x_wconf 92' lang='lat' dir='ltr'>de</span> <span class='ocrx_word' id='word_1_117' title='bbox 1124 1559 1447 1619; x_wconf 90' lang='lat' dir='ltr'>honoribus</span> <span class='ocrx_word' id='word_1_118' title='bbox 1495 1559 1749 1639; x_wconf 76' lang='lat' dir='ltr'>parentis</span> <span class='ocrx_word' id='word_1_119' title='bbox 1796 1558 2209 1637; x_wconf 83' lang='lat' dir='ltr'>consulturum,</span> 
     </span>
     <span class='ocr_line' id='line_1_15' title="bbox 206 1656 2209 1736; baseline 0.002 -24"><span class='ocrx_word' id='word_1_120' title='bbox 206 1673 399 1733; x_wconf 89' lang='lat' dir='ltr'>neque</span> <span class='ocrx_word' id='word_1_121' title='bbox 438 1658 749 1716; x_wconf 86' lang='lat' dir='ltr'>abscedere</span> <span class='ocrx_word' id='word_1_122' title='bbox 782 1677 819 1716; x_wconf 93' lang='lat' dir='ltr'>a</span> <span class='ocrx_word' id='word_1_123' title='bbox 851 1675 1110 1734; x_wconf 92' lang='lat' dir='ltr'>corpore,</span> <span class='ocrx_word' id='word_1_124' title='bbox 1141 1657 1334 1736; x_wconf 49' lang='lat' dir='ltr'>idque</span> <span class='ocrx_word' id='word_1_125' title='bbox 1356 1675 1538 1715; x_wconf 90' lang='lat' dir='ltr'>unum</span> <span class='ocrx_word' id='word_1_126' title='bbox 1572 1675 1644 1714; x_wconf 86' lang='lat' dir='ltr'>ex</span> <span class='ocrx_word' id='word_1_127' title='bbox 1686 1656 1929 1733; x_wconf 91' lang='lat' dir='ltr'>publicis</span> <span class='ocrx_word' id='word_1_128' title='bbox 1959 1659 2209 1717; x_wconf 90' lang='lat' dir='ltr'>muneri-</span> 
     </span>
    </p>

    <p class='ocr_par' dir='ltr' id='par_1_8' title="bbox 142 1755 2292 1930">
     <span class='ocr_line' id='line_1_16' title="bbox 142 1755 2292 1833; baseline 0.003 -24"><span class='ocrx_word' id='word_1_129' title='bbox 142 1759 178 1808; x_wconf 92' lang='grc'>’1</span> <span class='ocrx_word' id='word_1_130' title='bbox 203 1755 316 1813; x_wconf 93' lang='lat' dir='ltr'>bus</span> <span class='ocrx_word' id='word_1_131' title='bbox 359 1773 653 1831; x_wconf 88' lang='lat' dir='ltr'>usurpare.</span> <span class='ocrx_word' id='word_1_132' title='bbox 725 1756 830 1814; x_wconf 94' lang='lat' dir='ltr'>sed</span> <span class='ocrx_word' id='word_1_133' title='bbox 872 1755 1146 1831; x_wconf 47' lang='lat' dir='ltr'>defu-neto</span> <span class='ocrx_word' id='word_1_134' title='bbox 1185 1756 1453 1831; x_wconf 91' lang='lat' dir='ltr'>Augusto</span> <span class='ocrx_word' id='word_1_135' title='bbox 1492 1755 1722 1833; x_wconf 76' lang='lat' dir='ltr'>signum</span> <span class='ocrx_word' id='word_1_136' title='bbox 1763 1757 2062 1831; x_wconf 88' lang='lat' dir='ltr'>praetoriis</span> <span class='ocrx_word' id='word_1_137' title='bbox 2110 1774 2209 1815; x_wconf 92' lang='lat' dir='ltr'>co·</span> <span class='ocrx_word' id='word_1_138' title='bbox 2233 1780 2292 1829; x_wconf 87' lang='lat'>15</span> 
     </span>
     <span class='ocr_line' id='line_1_17' title="bbox 204 1853 2210 1930; baseline 0.002 -20"><span class='ocrx_word' id='word_1_139' title='bbox 204 1853 469 1913; x_wconf 89' lang='lat' dir='ltr'>hortibus</span> <span class='ocrx_word' id='word_1_140' title='bbox 497 1864 561 1913; x_wconf 90' lang='lat' dir='ltr'>ut</span> <span class='ocrx_word' id='word_1_141' title='bbox 589 1855 898 1930; x_wconf 90' lang='lat' dir='ltr'>imperator</span> <span class='ocrx_word' id='word_1_142' title='bbox 940 1853 1212 1926; x_wconf 84' lang='lat' dir='ltr'>dederat3</span> <span class='ocrx_word' id='word_1_143' title='bbox 1257 1854 1551 1924; x_wconf 85' lang='lat' dir='ltr'>excubiae,</span> <span class='ocrx_word' id='word_1_144' title='bbox 1582 1871 1759 1924; x_wconf 88' lang='lat' dir='ltr'>arma,</span> <span class='ocrx_word' id='word_1_145' title='bbox 1791 1864 1980 1912; x_wconf 86' lang='lat' dir='ltr'>cetera</span> <span class='ocrx_word' id='word_1_146' title='bbox 2009 1855 2171 1914; x_wconf 88' lang='lat' dir='ltr'>aulae</span> <span class='ocrx_word' id='word_1_147' title='bbox 2193 1875 2210 1927; x_wconf 86' lang='lat'>;</span> 
     </span>
    </p>

    <p class='ocr_par' dir='ltr' id='par_1_9' title="bbox 141 1952 2208 2136">
     <span class='ocr_line' id='line_1_18' title="bbox 141 1952 2207 2026; baseline 0.001 -15"><span class='ocrx_word' id='word_1_148' title='bbox 141 1966 181 2011; x_wconf 83' lang='lat'><em>8</em></span> <span class='ocrx_word' id='word_1_149' title='bbox 206 1952 374 2011; x_wconf 91' lang='lat' dir='ltr'>miles</span> <span class='ocrx_word' id='word_1_150' title='bbox 428 1954 490 2012; x_wconf 88' lang='lat' dir='ltr'>in</span> <span class='ocrx_word' id='word_1_151' title='bbox 545 1953 755 2026; x_wconf 92' lang='lat' dir='ltr'>forum,</span> <span class='ocrx_word' id='word_1_152' title='bbox 804 1952 970 2013; x_wconf 86' lang='lat' dir='ltr'>miles</span> <span class='ocrx_word' id='word_1_153' title='bbox 1018 1953 1080 2011; x_wconf 91' lang='lat' dir='ltr'>in</span> <span class='ocrx_word' id='word_1_154' title='bbox 1136 1952 1354 2012; x_wconf 89' lang='lat' dir='ltr'>curiam</span> <span class='ocrx_word' id='word_1_155' title='bbox 1408 1952 1803 2012; x_wconf 90' lang='lat' dir='ltr'>comitabatur.</span> <span class='ocrx_word' id='word_1_156' title='bbox 1887 1952 2077 2012; x_wconf 88' lang='lat' dir='ltr'>literas</span> <span class='ocrx_word' id='word_1_157' title='bbox 2133 1953 2207 2013; x_wconf 87' lang='lat' dir='ltr'>ad</span> 
     </span>
     <span class='ocr_line' id='line_1_19' title="bbox 206 2052 2208 2136; baseline 0.001 -27"><span class='ocrx_word' id='word_1_158' title='bbox 206 2054 490 2111; x_wconf 86' lang='lat' dir='ltr'>exercitus</span> <span class='ocrx_word' id='word_1_159' title='bbox 517 2063 816 2136; x_wconf 59' lang='lat' dir='ltr'>tam-quam</span> <span class='ocrx_word' id='word_1_160' title='bbox 843 2053 1057 2134; x_wconf 70' lang='lat' dir='ltr'>adepto</span> <span class='ocrx_word' id='word_1_161' title='bbox 1087 2052 1415 2129; x_wconf 86' lang='lat' dir='ltr'>principatu</span> <span class='ocrx_word' id='word_1_162' title='bbox 1443 2052 1614 2124; x_wconf 89' lang='lat' dir='ltr'>misit,</span> <span class='ocrx_word' id='word_1_163' title='bbox 1644 2069 1952 2132; x_wconf 73' lang='lat' dir='ltr'>nusquam¹</span> <span class='ocrx_word' id='word_1_164' title='bbox 1973 2063 2208 2111; x_wconf 90' lang='lat' dir='ltr'>cuncta-</span> 
     </span>
    </p>

    <p class='ocr_par' dir='ltr' id='par_1_10' title="bbox 142 2151 2293 2424">
     <span class='ocr_line' id='line_1_20' title="bbox 142 2151 2208 2226; baseline 0.001 -18"><span class='ocrx_word' id='word_1_165' title='bbox 142 2162 182 2208; x_wconf 82' lang='grc'>9</span> <span class='ocrx_word' id='word_1_166' title='bbox 207 2151 440 2209; x_wconf 90' lang='lat' dir='ltr'>bundus</span> <span class='ocrx_word' id='word_1_167' title='bbox 483 2152 590 2211; x_wconf 89' lang='lat' dir='ltr'>nisi</span> <span class='ocrx_word' id='word_1_168' title='bbox 624 2171 759 2211; x_wconf 86' lang='lat' dir='ltr'>cum</span> <span class='ocrx_word' id='word_1_169' title='bbox 799 2152 860 2210; x_wconf 89' lang='lat' dir='ltr'>in</span> <span class='ocrx_word' id='word_1_170' title='bbox 904 2160 1107 2210; x_wconf 88' lang='lat' dir='ltr'>senatu</span> <span class='ocrx_word' id='word_1_171' title='bbox 1145 2151 1486 2226; x_wconf 89' lang='lat' dir='ltr'>loqueretur.</span> <span class='ocrx_word' id='word_1_172' title='bbox 1571 2167 1745 2209; x_wconf 87' lang='lat' dir='ltr'>causa</span> <span class='ocrx_word' id='word_1_173' title='bbox 1787 2151 2101 2226; x_wconf 88' lang='lat' dir='ltr'>praecipua</span> <span class='ocrx_word' id='word_1_174' title='bbox 2136 2170 2208 2210; x_wconf 84' lang='lat' dir='ltr'>ex</span> 
     </span>
     <span class='ocr_line' id='line_1_21' title="bbox 206 2248 2293 2324; baseline 0.002 -18"><span class='ocrx_word' id='word_1_175' title='bbox 206 2248 530 2321; x_wconf 89' lang='lat' dir='ltr'>formidine,</span> <span class='ocrx_word' id='word_1_176' title='bbox 566 2269 642 2308; x_wconf 90' lang='lat' dir='ltr'>ne</span> <span class='ocrx_word' id='word_1_177' title='bbox 688 2249 1083 2320; x_wconf 86' lang='lat' dir='ltr'>GermanicuS,</span> <span class='ocrx_word' id='word_1_178' title='bbox 1124 2250 1183 2307; x_wconf 89' lang='lat' dir='ltr'>in</span> <span class='ocrx_word' id='word_1_179' title='bbox 1229 2250 1392 2308; x_wconf 92' lang='lat' dir='ltr'>cuius</span> <span class='ocrx_word' id='word_1_180' title='bbox 1437 2266 1614 2306; x_wconf 89' lang='lat' dir='ltr'>manu</span> <span class='ocrx_word' id='word_1_181' title='bbox 1647 2258 1735 2307; x_wconf 94' lang='lat' dir='ltr'>tot</span> <span class='ocrx_word' id='word_1_182' title='bbox 1774 2248 2053 2324; x_wconf 89' lang='lat' dir='ltr'>legiones,</span> <span class='ocrx_word' id='word_1_183' title='bbox 2097 2250 2203 2308; x_wconf 89' lang='lat' dir='ltr'>im·</span> <span class='ocrx_word' id='word_1_184' title='bbox 2232 2275 2293 2310; x_wconf 86' lang='lat'>20</span> 
     </span>
     <span class='ocr_line' id='line_1_22' title="bbox 205 2346 2208 2424; baseline 0.001 -20"><span class='ocrx_word' id='word_1_185' title='bbox 205 2365 411 2405; x_wconf 87' lang='lat' dir='ltr'>mensa</span> <span class='ocrx_word' id='word_1_186' title='bbox 453 2348 745 2407; x_wconf 90' lang='lat' dir='ltr'>sociorum</span> <span class='ocrx_word' id='word_1_187' title='bbox 788 2347 1013 2420; x_wconf 85' lang='lat' dir='ltr'>auxilia,</span> <span class='ocrx_word' id='word_1_188' title='bbox 1053 2348 1230 2406; x_wconf 90' lang='lat' dir='ltr'>mirus</span> <span class='ocrx_word' id='word_1_189' title='bbox 1272 2349 1431 2424; x_wconf 91' lang='lat' dir='ltr'>apud</span> <span class='ocrx_word' id='word_1_190' title='bbox 1471 2347 1751 2424; x_wconf 91' lang='lat' dir='ltr'>populum</span> <span class='ocrx_word' id='word_1_191' title='bbox 1786 2346 1958 2418; x_wconf 89' lang='lat' dir='ltr'>favor,</span> <span class='ocrx_word' id='word_1_192' title='bbox 1996 2347 2208 2407; x_wconf 88' lang='lat' dir='ltr'>habere</span> 
     </span>
    </p>

    <p class='ocr_par' dir='ltr' id='par_1_11' title="bbox 112 2432 2207 2621">
     <span class='ocr_line' id='line_1_23' title="bbox 112 2432 2207 2523; baseline 0.002 -21"><span class='ocrx_word' id='word_1_193' title='bbox 112 2457 179 2503; x_wconf 86' lang='lat' dir='ltr'>lo</span> <span class='ocrx_word' id='word_1_194' title='bbox 203 2445 515 2520; x_wconf 90' lang='lat' dir='ltr'>imperium</span> <span class='ocrx_word' id='word_1_195' title='bbox 554 2432 730 2523; x_wconf 73' lang='lat' dir='ltr'>quam</span> <span class='ocrx_word' id='word_1_196' title='bbox 777 2456 1113 2523; x_wconf 85' lang='lat' dir='ltr'>exspectare</span> <span class='ocrx_word' id='word_1_197' title='bbox 1154 2446 1366 2505; x_wconf 89' lang='lat' dir='ltr'>mallet.</span> <span class='ocrx_word' id='word_1_198' title='bbox 1451 2447 1720 2520; x_wconf 61' lang='lat' dir='ltr'>dabatet</span> <span class='ocrx_word' id='word_1_199' title='bbox 1758 2445 1964 2517; x_wconf 85' lang='lat' dir='ltr'>famae,</span> <span class='ocrx_word' id='word_1_200' title='bbox 2007 2457 2071 2504; x_wconf 90' lang='lat' dir='ltr'>ut</span> <span class='ocrx_word' id='word_1_201' title='bbox 2108 2466 2207 2506; x_wconf 88' lang='lat' dir='ltr'>vo·</span> 
     </span>
     <span class='ocr_line' id='line_1_24' title="bbox 204 2542 2206 2621; baseline 0 -20"><span class='ocrx_word' id='word_1_202' title='bbox 204 2553 367 2601; x_wconf 87' lang='lat' dir='ltr'>catus</span> <span class='ocrx_word' id='word_1_203' title='bbox 418 2544 750 2621; x_wconf 91' lang='lat' dir='ltr'>electusque</span> <span class='ocrx_word' id='word_1_204' title='bbox 810 2545 1003 2621; x_wconf 89' lang='lat' dir='ltr'>potius</span> <span class='ocrx_word' id='word_1_205' title='bbox 1058 2563 1093 2603; x_wconf 87' lang='lat' dir='ltr'>a</span> <span class='ocrx_word' id='word_1_206' title='bbox 1142 2563 1204 2603; x_wconf 92' lang='lat' dir='ltr'>re</span> <span class='ocrx_word' id='word_1_207' title='bbox 1252 2542 1486 2620; x_wconf 86' lang='lat' dir='ltr'>publica</span> <span class='ocrx_word' id='word_1_208' title='bbox 1532 2544 1816 2602; x_wconf 89' lang='lat' dir='ltr'>videretur</span> <span class='ocrx_word' id='word_1_209' title='bbox 1853 2547 2047 2618; x_wconf 84' lang='lat' dir='ltr'>&#39;quam</span> <span class='ocrx_word' id='word_1_210' title='bbox 2103 2562 2206 2620; x_wconf 93' lang='lat' dir='ltr'>per</span> 
     </span>
    </p>

    <p class='ocr_par' dir='ltr' id='par_1_12' title="bbox 116 2643 2283 3016">
     <span class='ocr_line' id='line_1_25' title="bbox 116 2643 2205 2734; baseline 0.001 -34"><span class='ocrx_word' id='word_1_211' title='bbox 116 2655 177 2699; x_wconf 85' lang='lat'>11</span> <span class='ocrx_word' id='word_1_212' title='bbox 202 2644 471 2734; x_wconf 65' lang='lat' dir='ltr'>uxorium</span> <span class='ocrx_word' id='word_1_213' title='bbox 519 2645 802 2726; x_wconf 81' lang='lat' dir='ltr'>ambitum</span> <span class='ocrx_word' id='word_1_214' title='bbox 861 2654 918 2702; x_wconf 94' lang='lat' dir='ltr'>et</span> <span class='ocrx_word' id='word_1_215' title='bbox 974 2643 1137 2702; x_wconf 90' lang='lat' dir='ltr'>senili</span> <span class='ocrx_word' id='word_1_216' title='bbox 1195 2643 1514 2724; x_wconf 82' lang='lat' dir='ltr'>adoptione</span> <span class='ocrx_word' id='word_1_217' title='bbox 1570 2644 1898 2720; x_wconf 84' lang='lat' dir='ltr'>inrepsisse.</span> <span class='ocrx_word' id='word_1_218' title='bbox 2003 2652 2205 2719; x_wconf 86' lang='lat' dir='ltr'>postea</span> 
     </span>
     <span class='ocr_line' id='line_1_26' title="bbox 202 2742 2283 2820; baseline 0 -19"><span class='ocrx_word' id='word_1_219' title='bbox 202 2745 507 2820; x_wconf 90' lang='lat' dir='ltr'>cognitum</span> <span class='ocrx_word' id='word_1_220' title='bbox 549 2754 634 2803; x_wconf 88' lang='lat' dir='ltr'>est</span> <span class='ocrx_word' id='word_1_221' title='bbox 676 2745 751 2803; x_wconf 86' lang='lat' dir='ltr'>ad</span> <span class='ocrx_word' id='word_1_222' title='bbox 791 2743 1271 2819; x_wconf 88' lang='lat' dir='ltr'>introspiciendas</span> <span class='ocrx_word' id='word_1_223' title='bbox 1314 2744 1486 2801; x_wconf 88' lang='lat' dir='ltr'>etiam</span> <span class='ocrx_word' id='word_1_224' title='bbox 1533 2762 1838 2819; x_wconf 91' lang='lat' dir='ltr'>procerum</span> <span class='ocrx_word' id='word_1_225' title='bbox 1881 2742 2202 2804; x_wconf 87' lang='lat' dir='ltr'>voluntates</span> <span class='ocrx_word' id='word_1_226' title='bbox 2227 2767 2283 2815; x_wconf 83' lang='lat'>25</span> 
     </span>
     <span class='ocr_line' id='line_1_27' title="bbox 203 2842 2203 2918; baseline 0.001 -19"><span class='ocrx_word' id='word_1_227' title='bbox 203 2842 501 2902; x_wconf 89' lang='lat' dir='ltr'>inductam</span> <span class='ocrx_word' id='word_1_228' title='bbox 543 2842 995 2900; x_wconf 86' lang='lat' dir='ltr'>dubitationem:</span> <span class='ocrx_word' id='word_1_229' title='bbox 1041 2859 1179 2900; x_wconf 86' lang='lat' dir='ltr'>nam</span> <span class='ocrx_word' id='word_1_230' title='bbox 1213 2842 1386 2918; x_wconf 72' lang='lat' dir='ltr'>verba</span> <span class='ocrx_word' id='word_1_231' title='bbox 1428 2842 1614 2900; x_wconf 92' lang='lat' dir='ltr'>vultus</span> <span class='ocrx_word' id='word_1_232' title='bbox 1655 2843 1718 2899; x_wconf 89' lang='lat' dir='ltr'>in</span> <span class='ocrx_word' id='word_1_233' title='bbox 1751 2842 1972 2901; x_wconf 89' lang='lat' dir='ltr'>crimen</span> <span class='ocrx_word' id='word_1_234' title='bbox 2012 2842 2203 2901; x_wconf 90' lang='lat' dir='ltr'>detor-</span> 
     </span>
     <span class='ocr_line' id='line_1_28' title="bbox 201 2931 823 3016; baseline -0.002 -17"><span class='ocrx_word' id='word_1_235' title='bbox 201 2958 389 3016; x_wconf 90' lang='lat' dir='ltr'>quens</span> <span class='ocrx_word' id='word_1_236' title='bbox 416 2939 790 2999; x_wconf 87' lang='lat' dir='ltr'>recondebat.</span> <span class='ocrx_word' id='word_1_237' title='bbox 818 2931 823 2936; x_wconf 64' lang='grc'><strong><em>’</em></strong></span> 
     </span>
    </p>

    <p class='ocr_par' dir='ltr' id='par_1_13' title="bbox 200 3033 2204 3216">
     <span class='ocr_line' id='line_1_29' title="bbox 283 3033 2202 3116; baseline 0.001 -18"><span class='ocrx_word' id='word_1_238' title='bbox 283 3045 343 3098; x_wconf 87' lang='grc'>8.</span> <span class='ocrx_word' id='word_1_239' title='bbox 388 3037 550 3096; x_wconf 91' lang='lat' dir='ltr'>Nihil</span> <span class='ocrx_word' id='word_1_240' title='bbox 576 3039 765 3115; x_wconf 91' lang='lat' dir='ltr'>primo</span> <span class='ocrx_word' id='word_1_241' title='bbox 788 3046 1038 3096; x_wconf 85' lang='lat' dir='ltr'>senatus</span> <span class='ocrx_word' id='word_1_242' title='bbox 1077 3037 1168 3096; x_wconf 92' lang='lat' dir='ltr'>die</span> <span class='ocrx_word' id='word_1_243' title='bbox 1207 3040 1301 3115; x_wconf 90' lang='lat' dir='ltr'>agi</span> <span class='ocrx_word' id='word_1_244' title='bbox 1334 3033 1652 3116; x_wconf 66' lang='lat' dir='ltr'>passus&#39;est</span> <span class='ocrx_word' id='word_1_245' title='bbox 1678 3039 1788 3099; x_wconf 93' lang='lat' dir='ltr'>nisi</span> <span class='ocrx_word' id='word_1_246' title='bbox 1816 3039 1888 3099; x_wconf 95' lang='lat' dir='ltr'>de</span> <span class='ocrx_word' id='word_1_247' title='bbox 1923 3038 2202 3116; x_wconf 85' lang='lat' dir='ltr'>supremis</span> 
     </span>
     <span class='ocr_line' id='line_1_30' title="bbox 200 3135 2204 3216; baseline 0 -21"><span class='ocrx_word' id='word_1_248' title='bbox 200 3137 466 3214; x_wconf 87' lang='lat' dir='ltr'>Augusti,</span> <span class='ocrx_word' id='word_1_249' title='bbox 496 3138 659 3196; x_wconf 90' lang='lat' dir='ltr'>cuius</span> <span class='ocrx_word' id='word_1_250' title='bbox 697 3146 1105 3195; x_wconf 89' lang='lat' dir='ltr'>testamentum</span> <span class='ocrx_word' id='word_1_251' title='bbox 1140 3135 1381 3196; x_wconf 89' lang='lat' dir='ltr'>inlatum</span> <span class='ocrx_word' id='word_1_252' title='bbox 1421 3156 1524 3216; x_wconf 56' lang='lat' dir='ltr'>pgr</span> <span class='ocrx_word' id='word_1_253' title='bbox 1562 3139 1810 3213; x_wconf 90' lang='lat' dir='ltr'>virgines</span> <span class='ocrx_word' id='word_1_254' title='bbox 1845 3137 2058 3197; x_wconf 88' lang='lat' dir='ltr'>Vestae</span> <span class='ocrx_word' id='word_1_255' title='bbox 2098 3137 2204 3195; x_wconf 92' lang='lat' dir='ltr'>Ti-</span> 
     </span>
    </p>

    <p class='ocr_par' dir='ltr' id='par_1_14' title="bbox 141 3233 2284 3609">
     <span class='ocr_line' id='line_1_31' title="bbox 141 3233 2284 3308; baseline 0.002 -17"><span class='ocrx_word' id='word_1_256' title='bbox 141 3244 173 3290; x_wconf 81' lang='lat'>2</span> <span class='ocrx_word' id='word_1_257' title='bbox 200 3238 419 3295; x_wconf 88' lang='lat' dir='ltr'>berium</span> <span class='ocrx_word' id='word_1_258' title='bbox 459 3246 518 3294; x_wconf 91' lang='lat' dir='ltr'>et</span> <span class='ocrx_word' id='word_1_259' title='bbox 552 3235 775 3295; x_wconf 89' lang='lat' dir='ltr'>Liviam</span> <span class='ocrx_word' id='word_1_260' title='bbox 813 3234 1054 3294; x_wconf 92' lang='lat' dir='ltr'>heredes</span> <span class='ocrx_word' id='word_1_261' title='bbox 1090 3233 1306 3295; x_wconf 86' lang='lat' dir='ltr'>habuit.</span> <span class='ocrx_word' id='word_1_262' title='bbox 1390 3235 1553 3295; x_wconf 88' lang='lat' dir='ltr'>Livia</span> <span class='ocrx_word' id='word_1_263' title='bbox 1585 3237 1648 3293; x_wconf 91' lang='lat' dir='ltr'>in</span> <span class='ocrx_word' id='word_1_264' title='bbox 1682 3236 1956 3295; x_wconf 86' lang='lat' dir='ltr'>familiam</span> <span class='ocrx_word' id='word_1_265' title='bbox 1994 3235 2201 3294; x_wconf 88' lang='lat' dir='ltr'>Iuliam</span> <span class='ocrx_word' id='word_1_266' title='bbox 2221 3259 2284 3308; x_wconf 78' lang='lat'>30</span> 
     </span>
     <span class='ocr_line' id='line_1_32' title="bbox 198 3331 2202 3420; baseline 0.001 -29"><span class='ocrx_word' id='word_1_267' title='bbox 198 3352 533 3411; x_wconf 89' lang='lat' dir='ltr'>nomenque</span> <span class='ocrx_word' id='word_1_268' title='bbox 571 3334 904 3420; x_wconf 61' lang='lat' dir='ltr'>Augustum</span> <span class='ocrx_word' id='word_1_269' title='bbox 946 3331 1394 3407; x_wconf 81' lang='lat' dir='ltr'>adsumebatur3</span> <span class='ocrx_word' id='word_1_270' title='bbox 1437 3336 1498 3393; x_wconf 90' lang='lat' dir='ltr'>in</span> <span class='ocrx_word' id='word_1_271' title='bbox 1537 3353 1703 3411; x_wconf 88' lang='lat' dir='ltr'>spem</span> <span class='ocrx_word' id='word_1_272' title='bbox 1741 3334 2056 3394; x_wconf 91' lang='lat' dir='ltr'>secundam</span> <span class='ocrx_word' id='word_1_273' title='bbox 2097 3353 2202 3393; x_wconf 90' lang='lat' dir='ltr'>ne-</span> 
     </span>
     <span class='ocr_line' id='line_1_33' title="bbox 196 3430 2199 3511; baseline 0 -21"><span class='ocrx_word' id='word_1_274' title='bbox 196 3441 361 3508; x_wconf 89' lang='lat' dir='ltr'>potes</span> <span class='ocrx_word' id='word_1_275' title='bbox 417 3441 904 3509; x_wconf 90' lang='lat' dir='ltr'>pronepotesque,</span> <span class='ocrx_word' id='word_1_276' title='bbox 952 3430 1117 3488; x_wconf 90' lang='lat' dir='ltr'>tertio</span> <span class='ocrx_word' id='word_1_277' title='bbox 1169 3433 1353 3507; x_wconf 89' lang='lat' dir='ltr'>gradu</span> <span class='ocrx_word' id='word_1_278' title='bbox 1397 3435 1677 3511; x_wconf 89' lang='lat' dir='ltr'>primores</span> <span class='ocrx_word' id='word_1_279' title='bbox 1728 3433 1966 3492; x_wconf 89' lang='lat' dir='ltr'>civitatis</span> <span class='ocrx_word' id='word_1_280' title='bbox 2017 3434 2199 3511; x_wconf 90' lang='lat' dir='ltr'>scrip-</span> 
     </span>
     <span class='ocr_line' id='line_1_34' title="bbox 199 3527 2198 3609; baseline -0.001 -19"><span class='ocrx_word' id='word_1_281' title='bbox 199 3541 360 3603; x_wconf 83' lang='lat' dir='ltr'>serat,</span> <span class='ocrx_word' id='word_1_282' title='bbox 423 3531 732 3609; x_wconf 86' lang='lat' dir='ltr'>plerosque</span> <span class='ocrx_word' id='word_1_283' title='bbox 798 3530 1011 3589; x_wconf 90' lang='lat' dir='ltr'>invisos</span> <span class='ocrx_word' id='word_1_284' title='bbox 1082 3527 1206 3603; x_wconf 91' lang='lat' dir='ltr'>sibi,</span> <span class='ocrx_word' id='word_1_285' title='bbox 1271 3530 1375 3590; x_wconf 89' lang='lat' dir='ltr'>sed</span> <span class='ocrx_word' id='word_1_286' title='bbox 1437 3531 1704 3590; x_wconf 83' lang='lat' dir='ltr'>iactantia</span> <span class='ocrx_word' id='word_1_287' title='bbox 1764 3531 2060 3608; x_wconf 87' lang='lat' dir='ltr'>gloriaque</span> <span class='ocrx_word' id='word_1_288' title='bbox 2122 3530 2198 3589; x_wconf 87' lang='lat' dir='ltr'>ad</span> 
     </span>
    </p>
   </div>
  </div>
 </body>
</html>
