2594 3925
218 218 350 275 ΑΛ).
380 197 487 282 15.]
830 207 1057 258 LIBER
1099 207 1148 259 J.
1217 207 1371 259 cAP.
1404 213 1621 276 53-57·
2150 213 2226 276 73

143 375 190 422 4
219 363 594 424 discerneret.
678 364 780 424 sed
823 363 1014 423 Varus
1056 364 1175 423 fato
1217 375 1276 424 et
1317 366 1371 423 vi
1414 364 1639 423 Armini
1681 365 1917 425 cecidit:
1963 364 2231 441 Segestes

219 479 588 538 quamquam
617 480 912 523 consensu
938 464 1126 540 gentis
1167 464 1229 521 in
1257 463 1475 522 bellum
1516 472 1729 523 tractus
1772 464 1992 543 dis-cors
2034 481 2230 522 mane·
2263 478 2337 531 j„

218 559 341 630 bat,
402 562 584 620 auctis
638 561 898 637 privatim
954 562 1117 633 odiis,
1170 561 1329 637 quod
1375 560 1670 621 Arminius
1729 562 1904 620 filiam
1961 562 2085 620 eius
2139 561 2233 619 alii

145 671 187 718 5
219 666 460 734 pactam
487 668 771 735 rapuerat,
800 677 980 735 gener
1011 660 1226 718 invisus
1266 660 1482 718 inimici
1521 660 1739 731 soceri;
1785 677 2048 737 quaeque
2076 658 2234 734 apud

223 757 554 816 concordes
582 758 808 817 vincula
835 757 1100 830 caritatis,
1131 758 1505 817 incitamenta
1533 758 1744 815 irarum
1783 758 1939 833 apud
1974 757 2232 836 infensos
2255 779 2285 829 5
2313 793 2336 818 t

216 863 403 912 erant.

309 958 414 1012 56.
460 952 641 1028 Igitur
690 952 1073 1013 Germanicus
1127 962 1398 1030 quattuor
1440 954 1715 1031 legiones,
1764 953 2020 1030 quinque
2075 955 2237 1013 auxi-

225 1049 456 1108 liarium
486 1050 642 1109 milia
684 1061 743 1109 et
769 1050 1166 1121 tumultuarias
1208 1062 1466 1112 catervas
1497 1051 1926 1112 Germanorum
1955 1053 2038 1111 cis
2079 1052 2237 1110 Rhe-

227 1165 375 1207 num
417 1148 731 1208 colentium
773 1149 1061 1210 Caecinae
1103 1151 1309 1224 tradit;
1353 1152 1596 1210 totidem
1637 1151 1917 1226 legiones,
1949 1149 2238 1226 duplicem
2306 1147 2313 1153 '

227 1247 526 1305 sociorum
569 1265 872 1307 numerum
914 1249 1039 1325 ipse
1082 1248 1255 1320 ducit,
1297 1250 1610 1326 positoque
1652 1248 1887 1307 castello
1929 1266 2102 1325 super
2141 1268 2238 1307 ve·
2261 1272 2320 1308 10

228 1345 402 1420 stigia
430 1346 656 1420 paterni
684 1346 951 1422 praesidii
988 1347 1049 1404 in
1077 1357 1275 1405 monte
1306 1347 1520 1406 Tauno
1543 1338 1893 1423 *expeditum
1928 1347 2241 1406 exercitum

229 1444 289 1500 in
331 1441 576 1503 Chattos
614 1444 780 1521 rapit,
812 1444 881 1503 L.
910 1444 1179 1520 Apronio
1214 1445 1288 1505 ad
1327 1446 1680 1517 munitiones
1715 1446 1936 1504 viarum
1968 1455 2026 1504 et
2052 1446 2241 1503 flumi-

165 1555 203 1600 2
230 1558 378 1598 num
434 1540 650 1600 relicto.
733 1561 872 1601 nam
917 1540 1133 1620 <rarum
1182 1543 1262 1601 illi
1319 1541 1511 1622 caelo)
1562 1544 1818 1603 siccitate
1866 1552 1923 1601 et
1973 1544 2241 1602 amnibus

229 1639 482 1698 modicis
511 1640 862 1698 inoffensum
889 1641 994 1699 iter
1022 1651 1446 1717 properaverat,
1475 1643 1806 1718 imbresque
1845 1651 1902 1699 et
1939 1641 2243 1701 fluminum

163 1753 200 1799 3
231 1747 442 1796 auctus
470 1739 814 1813 regredienti
841 1740 1263 1800 metuebantur.
1348 1742 1453 1800 sed
1483 1740 1709 1800 Chattis
1738 1739 1885 1799 adeo
1921 1740 2243 1816 inprovisus
2267 1764 2323 1813 15

231 1835 481 1905 advenit,
525 1846 588 1893 ut
629 1837 787 1913 quod
833 1837 1185 1895 imbecillum
1241 1848 1428 1897 aetate
1473 1857 1540 1897 ac
1590 1855 1733 1896 sexu
1779 1838 1972 1896 statim
2013 1849 2247 1914 captum

162 1951 207 1998 4
233 1942 336 1993 aut
365 1916 711 1994 trucidatum
742 1934 828 1994 sit.
912 1936 1178 1995 iuventus
1206 1935 1426 1995 flumen
1444 1936 1742 2012 Adranam
1770 1935 1968 1994 nando
1988 1937 2246 1995 tramise-

164 2051 205 2098 5
229 2043 341 2104 rat,
372 2032 792 2110 Romanosque
808 2042 1052 2109 pontem
1072 2036 1395 2112 coeptantis
1422 2037 1713 2119 arcebant.
1797 2034 1933 2093 dein
1949 2034 2248 2093 tormentis

232 2132 575 2208 sagittisque
616 2131 785 2208 pulsi,
829 2133 1120 2209 temptatis
1163 2133 1370 2194 frustra
1411 2133 1848 2194 condicionibus
1888 2134 2066 2209 paciS,
2110 2151 2247 2192 curn

234 2230 481 2306 quidam
523 2230 599 2288 ad
645 2229 1061 2290 Germanicum
1106 2231 1509 2308 perfugissent,
1566 2232 1770 2310 reliqui
1812 2231 2040 2290 omissis
2080 2233 2245 2308 pagis
2266 2256 2328 2289 20

168 2342 208 2387 6
234 2327 496 2404 vicisque
540 2328 600 2384 in
646 2328 818 2387 silvas
863 2328 1288 2405 disperguntur.
1374 2329 1589 2389 Caesar
1637 2331 1879 2387 incenso
1924 2326 2130 2387 Mattio
2166 2327 2250 2406 (id

236 2425 402 2501 genti
444 2421 643 2503 caput)
687 2435 887 2502 aperta
926 2426 1235 2503 populatus
1277 2427 1442 2486 vertit
1482 2428 1559 2486 ad
1601 2425 1895 2498 Rhenum,
1915 2487 1919 2492 ,
1939 2444 2063 2485 ιιοιι
2103 2445 2248 2485 auso

237 2522 410 2582 hoste
458 2532 620 2598 terga
672 2524 1008 2582 abeuntium
1063 2525 1368 2597 lacessere,
1415 2526 1578 2601 quod
1620 2525 1698 2600 ffli
1748 2524 1940 2605 moriS,
1986 2525 2252 2601 quotiens

174 2635 210 2683 7
237 2631 370 2679 astu
397 2622 585 2697 magis
622 2639 800 2697 quam
827 2640 931 2699 per
957 2620 1324 2683 formidinem
1352 2624 1537 2683 cessit.
1620 2621 1804 2682 fuerat
1836 2623 2063 2681 animus
2099 2622 2252 2682 Che-

237 2719 425 2775 ruscis
458 2720 651 2777 iuvare
694 2717 955 2791 Chattos,
985 2721 1090 2779 sed
1132 2721 1401 2780 exterruit
1429 2720 1683 2780 Caecina
1725 2719 1840 2779 huc
1882 2720 2014 2779 illuc
2057 2721 2246 2781 ferens
2270 2744 2328 2795 25

240 2834 405 2873 arma
429 2836 445 2889 3
488 2825 548 2873 et
575 2815 807 2875 Marsos
836 2818 1112 2893 congredi
1139 2836 1314 2877 ausos
1342 2836 1628 2895 prospero
1656 2818 1879 2894 proelio
1912 2817 2184 2878 cohibuit.

326 2919 429 2974 57.
473 2911 681 2989 Neque
729 2914 911 2972 multo
972 2925 1107 2990 post
1161 2916 1336 2992 legati
1390 2934 1427 2974 a
1482 2915 1718 2991 Segeste
1767 2926 2045 2974 venerunt
2092 2917 2251 2977 auxi-

239 3011 383 3068 lium
426 3020 658 3069 orantes
702 3011 974 3070 adversus
1021 3014 1138 3070 vim
1185 3013 1570 3090 popularium,
1613 3031 1650 3071 a
1694 3013 1822 3090 quis
1869 3012 2254 3073 circumsede-

242 3110 427 3180 batur,
458 3108 729 3168 validiore
757 3110 913 3186 apud
941 3128 1043 3168 eos
1070 3111 1353 3183 Arminio,
1382 3112 1665 3188 quoniam
1692 3110 1907 3169 bellurn
1938 3111 2251 3172 suadebat:

244 3224 382 3264 nam
429 3207 701 3279 barbariS,
749 3216 966 3284 quanto
1016 3210 1143 3285 quis
1193 3209 1435 3268 audacia
1483 3227 1691 3298 promp
1653 3217 1804 3284 ptuS,
1849 3218 2009 3267 tanto
2065 3210 2251 3284 magis
2270 3234 2335 3283 30

181 3322 218 3367 2
244 3291 419 3363 fidus
458 3306 746 3381 rebusque
808 3307 982 3364 motis
1041 3306 1228 3382 potior
1283 3307 1542 3365 habetur.
1626 3305 1926 3365 addiderat
1984 3305 2252 3381 Segestes

244 3395 449 3478 legatis
478 3402 674 3475 filiurn,
707 3403 947 3462 nomine
992 3397 1447 3479 Segimundum.
1493 3404 1596 3462 sed
1637 3404 1856 3461 iuvenis
1900 3404 2254 3464 conscientia

246 3500 637 3558 cunctabatur.
722 3501 938 3577 quippe
979 3518 1135 3559 anno
1178 3519 1297 3578 quo
1339 3500 1688 3560 Germaniae
1730 3501 2017 3559 descivere
2061 3519 2252 3561 sacer-

1761 3583 1953 3594 u-..-..-———..
