2594 3925
188 226 317 267 Λα).
345 202 455 287 ι4.]
780 214 1014 264 LIBER
1054 214 1103 264 I.
1171 212 1325 263 CAP.
1373 218 1591 280 49-53.
2124 215 2196 276 71

186 369 489 429 sinistrum
538 369 684 428 latus
737 367 1261 440 unetvicensimani,
1309 368 1575 428 dextrum
1618 367 1879 444 quintani
1925 365 2200 437 clausere,

131 484 162 530 6
187 469 516 527 vicensima
570 468 719 544 legio
776 478 937 543 terga
985 467 1242 538 firmavit,
1294 476 1428 544 post
1476 467 1650 525 ceteri
1698 467 2008 525 sociorum.
2095 465 2201 524 sed

186 568 416 639 hosteS,
465 567 654 625 donec
700 584 912 642 agmen
955 585 1060 643 per
1103 565 1278 624 saltus
1328 566 1726 642 porrigeretur,
1776 566 2017 636 immoti,
2068 564 2201 623 dein

185 665 375 723 latera
416 673 474 723 et
513 664 761 722 frontem
802 665 1031 723 modice
1071 664 1442 735 adsultantes,
1471 672 1594 722 tota
1634 663 1688 721 vi
1730 664 2072 722 novissimos
2114 663 2203 721 in-

129 778 161 826 ’1
188 781 448 823 currere.
532 764 1020 839 turbabanturque
1063 763 1258 822 densis
1304 762 1731 822 Germanorum
1772 763 2011 821 catervis
2053 761 2205 820 leves
2227 783 2254 832 5

190 863 492 934 cohorteS,
522 882 658 922 cum
687 863 902 922 Caesar
928 861 1201 922 advectus
1242 861 1319 921 ad
1355 862 1777 920 vicensimanos
1805 878 1949 918 voce
1990 877 2208 935 magna

189 961 308 1021 hoc
355 961 496 1020 illud
538 970 767 1036 tempus
809 961 1200 1020 obliterandae
1243 961 1537 1019 seditionis
1578 959 1941 1019 clamitabat:
1998 975 2205 1034 perge-

127 1073 164 1118 8
190 1069 342 1131 rent,
374 1069 749 1136 properarent
789 1059 1020 1134 culpam
1060 1060 1120 1115 in
1153 1058 1331 1118 decus
1373 1068 1605 1117 vertere.
1692 1075 1956 1117 exarsere
2000 1056 2206 1113 animis

192 1175 435 1234 unoque
464 1158 683 1233 impetu
708 1167 1044 1233 perruptum
1077 1157 1304 1216 hostem
1332 1156 1598 1232 redigunt
1624 1157 1683 1214 in
1712 1164 1910 1232 aperta
1936 1154 2207 1214 caedunt-

193 1275 350 1334 que:
408 1256 580 1314 simul
623 1256 790 1332 primi
837 1255 1084 1331 agmin1s
1133 1255 1341 1333 copiae
1388 1273 1616 1341 evasere
1682 1253 1851 1313 silvas
1907 1261 2207 1328 castraque
2230 1275 2290 1310 10

129 1369 166 1413 9
194 1355 649 1414 communivere.
731 1355 988 1431 quietum
1041 1353 1177 1412 inde
1231 1355 1352 1425 iter,
1410 1352 1711 1430 fidensque
1765 1351 2088 1411 recentibus
2138 1368 2205 1409 ac

195 1453 462 1532 priorum
490 1452 700 1510 oblitus
728 1452 891 1510 miles
920 1452 981 1508 in
1009 1451 1262 1509 hibernis
1291 1452 1530 1510 locatur.

282 1557 388 1612 52.
436 1550 711 1608 Nuntiata
755 1568 823 1608 ea
852 1549 1155 1608 Tiberium
1188 1549 1398 1607 laetitia
1432 1567 1681 1624 curaque
1721 1548 2023 1608 adfecere:
2066 1566 2211 1625 gau-

198 1648 378 1708 debat
405 1665 747 1723 oppressam
777 1648 1138 1719 seditionem,
1170 1647 1274 1706 sed
1310 1647 1469 1723 quod
1503 1646 1814 1723 largiendis
1855 1647 2113 1723 pecuniis
2151 1657 2211 1706 et

197 1747 480 1806 missione
523 1746 786 1806 festinata
826 1745 1080 1804 favorem
1123 1746 1368 1804 militum
1402 1746 1790 1822 quaesivisset,
1829 1746 2031 1804 bellica
2063 1764 2208 1821 quo·
2234 1768 2291 1819 15

135 1865 171 1911 2
200 1863 318 1922 que
350 1844 678 1904 Germanici
715 1844 898 1920 gloria
937 1844 1270 1919 angebatur.
1353 1844 1563 1903 rettulit
1597 1854 1793 1903 tamen
1828 1844 1903 1902 ad
1948 1853 2210 1903 senatum

201 1945 276 2004 de
320 1944 494 2003 rebus
535 1944 711 2020 gestis
752 1942 1046 2020 multaque
1092 1942 1164 2002 de
1206 1943 1407 2003 virtute
1452 1944 1581 2003 eius‘
1619 1944 1978 2015 memoravit,
2022 1944 2213 2021 magis

201 2044 263 2101 in
307 2043 565 2119 speciem
592 2042 777 2100 verbis
821 2043 1104 2101 adornata
1145 2059 1321 2118 quam
1349 2053 1413 2099 ut
1450 2042 1678 2118 penitus
1716 2043 1925 2101 sentire
1954 2042 2213 2102 credere-

138 2161 173 2205 3
202 2152 312 2200 tur.
398 2141 766 2217 paucioribus
790 2139 1050 2199 Drusum
1072 2149 1128 2199 et
1157 2141 1334 2199 finem
1363 2140 1571 2216 Illyrici
1599 2150 1793 2200 motus
1822 2140 2087 2211 laudavit,
2111 2141 2216 2200 sed

201 2241 479 2298 intentior
521 2248 579 2297 et
625 2237 738 2297 fida
778 2239 1056 2299 oratione.
1143 2249 1462 2315 cunctaque
1509 2257 1658 2315 quae
1703 2238 2083 2299 Germanicus
2125 2240 2212 2297 in-
2235 2263 2297 2298 20

203 2338 473 2407 dulserat,
505 2336 743 2396 servavit
770 2338 945 2395 etiam
973 2336 1130 2413 apud
1158 2336 1529 2397 Pannonicos
1555 2339 1851 2397 exercitus.

289 2442 393 2497 53.
436 2435 665 2494 Eodem
707 2454 862 2494 anno
906 2436 1052 2494 Iulia
1094 2454 1433 2513 supremum
1477 2435 1631 2494 diem
1660 2437 1817 2507 obiit,
1847 2436 1923 2496 ob
1966 2435 2214 2516 impudi-

206 2534 405 2593 citiam
441 2534 582 2593 olim
625 2553 661 2594 a
700 2544 863 2611 patre
890 2536 1159 2611 Augusto
1205 2533 1549 2593 Pandateria
1589 2535 1793 2608 insula,
1823 2553 1965 2594 mox
1994 2535 2214 2612 oppido

144 2650 180 2696 2
208 2634 590 2709 Reginorum,
627 2634 725 2710 qui
770 2633 1026 2694 Siculum
1065 2633 1275 2694 fretum
1317 2634 1604 2706 accolunt,
1635 2635 1847 2693 clausa.
1931 2634 2114 2693 fuerat
2154 2635 2216 2692 in

207 2732 579 2791 matrimonio
634 2732 855 2791 Tiberii
910 2732 1243 2791 florentibus
1302 2731 1452 2791 Gaio
1510 2742 1568 2791 et
1622 2731 1803 2791 Lucio
1862 2732 2208 2791 Caesaribus
2234 2756 2293 2806 25

208 2840 613 2907 spreveratque
641 2840 703 2888 ut
743 2832 1036 2907 inparem3
1081 2850 1191 2890 nec
1227 2830 1338 2889 alia
1371 2840 1491 2888 tam
1535 2831 1737 2889 intima
1766 2830 2003 2889 Tiberio
2041 2849 2218 2891 causa

151 2952 185 2999 3
209 2948 312 2988 cur
354 2925 635 2988 Rhodum
673 2929 1025 2989 abscederet.
1109 2929 1416 3008 imperium
1457 2929 1702 3005 adeptus
1742 2939 2046 3003 extorrem,
2074 2929 2218 2988 infa-

209 3046 365 3086 mem
384 3036 593 3104 etpost
613 3027 977 3087 interfectum
999 3028 1342 3087 Postumum
1365 3028 1691 3105 Agrippam
1714 3027 1904 3085 omnis
1928 3028 2051 3104 spei
2080 3047 2213 3103 ege-

210 3144 347 3184 nam
376 3126 574 3202 inopia
602 3143 670 3184 ac
701 3127 831 3185 tabe
866 3126 1044 3202 longa
1069 3127 1325 3202 peremit,
1356 3127 1667 3184 obscuram
1695 3127 1817 3185 fore
1846 3144 2054 3185 necem
2083 3126 2211 3184 lon-

148 3247 188 3291 4
209 3224 524 3300 ginquitate
570 3224 722 3282 exilii
765 3234 938 3283 ratuS.
1020 3243 1123 3300 par
1168 3242 1343 3283 causa
1386 3225 1654 3284 saevitiae
1697 3224 1757 3281 in
1801 3223 2211 3300 Sempronium
2233 3248 2296 3296 30

211 3320 562 3386 Gracchum,
600 3323 698 3397 qui
740 3320 951 3380 familia
994 3322 1190 3393 nobili,
1221 3322 1420 3382 sollers
1463 3322 1698 3398 ingeni-o
1728 3333 1786 3380 et
1814 3341 1986 3400 prave
2017 3322 2214 3382 facun-

211 3419 332 3489 duS,
363 3420 614 3478 eandem
658 3419 865 3478 Iuliam
906 3421 965 3477 in
1009 3420 1375 3478 matrimonio
1418 3419 1602 3477 Marci
1631 3421 1927 3496 Agrippae
1970 3429 2213 3479 temera-
