2594 3925
393 236 505 309 136
840 239 1206 292 CORNELII
1247 239 1339 289 TA
1349 239 1515 290 etr!
1547 241 1970 293 ANNALJUM
2046 229 2256 316 [ωηο.
2284 254 2420 306 ⁷73·

387 417 489 458 cos
531 401 654 458 eius
697 399 1058 470 dictitavisse,
1094 398 1285 457 literas
1318 397 1540 457 Tiberii
1582 408 1639 457 et
1679 400 1954 458 mandata
1993 400 2054 458 in
2089 399 2418 459 Germani-

388 515 521 556 cum
549 497 846 567 contineri,
869 515 942 555 ac
969 496 1319 555 destinatum
1347 513 1618 571 promere
1640 497 1796 573 apud
1823 506 2016 572 patres
2045 498 2416 574 principem-

388 613 502 671 que
549 614 802 671 arguere,
844 594 907 652 ni
954 595 1148 653 elusus
1194 613 1229 652 a
1272 593 1484 653 Seiano
1535 612 1639 670 per
1677 613 1829 652 vana
1876 596 2161 671 promissa
2210 596 2360 654 foret
2390 616 2412 667 ;

387 711 498 751 nec
526 693 682 751 illum
716 703 925 769 sponte
954 693 1287 764 extinctum,
1320 709 1517 749 verum
1557 693 1799 751 inmisso
1833 712 2184 770 percussore.
2259 713 2413 770 quo-
2447 712 2488 756 2

337 815 362 863 5
387 810 514 849 rum
564 802 830 850 neutrum
881 791 1376 850 adseveraverim:
1429 808 1620 866 neque
1671 801 1870 849 tamen
1917 791 2178 850 occulere
2230 792 2414 851 debui

388 900 679 949 narratum
708 892 783 949 ab
811 890 880 949 iis
910 890 1009 965 qui
1037 899 1295 947 nostram
1325 888 1402 947 ad
1436 888 1727 947 iuventam
1755 890 2113 948 duraverunt.
2185 889 2415 949 Caesar
2444 908 2484 953 3

388 989 543 1048 flexo
586 990 645 1046 in
683 988 1027 1047 maestitiam
1067 1004 1166 1044 ore
1199 1004 1368 1045 suam
1410 986 1685 1044 invidiam
1725 986 1823 1045 tali
1864 997 2048 1046 morte
2077 990 2409 1065 quaesitam

388 1086 542 1164 apud
585 1096 851 1145 senatum
883 1092 1198 1160 conquestus
1234 1082 1328 1142 M.
1369 1083 1632 1142 leronem
1668 1086 1864 1142 vocari
1897 1085 2042 1143 iubet
2078 1087 2409 1163 crebrisque

389 1182 927 1261 interrogationibus
956 1182 1217 1257 exquirit,
1248 1182 1481 1259 qualem
1519 1182 1658 1241 Piso
1698 1183 1853 1242 diem
1890 1202 2226 1260 supremum
2255 1202 2403 1243 noc-

315 1308 372 1343 10
391 1293 624 1360 temque
675 1281 978 1357 exegisset.
1064 1289 1238 1356 atque
1285 1280 1385 1338 illo
1435 1280 1714 1358 pleraque
1764 1282 2067 1357 sapienter,
2111 1283 2404 1358 quaedam
2433 1296 2479 1340 4

391 1380 770 1440 inconsultius
804 1379 1212 1457 respondente,
1246 1379 1449 1437 recitat
1487 1379 1783 1437 codicillos
1817 1399 1852 1438 a
1890 1379 2102 1438 Pisone
2145 1382 2208 1438 in
2245 1381 2407 1440 hunc

390 1478 570 1538 ferme
603 1477 845 1535 modum
874 1476 1273 1552 compositos:
1322 1480 1337 1506 ‘
1356 1477 1787 1553 conspiratione
1826 1478 2191 1536 inimicorum
2222 1488 2281 1536 et
2314 1480 2407 1536 in·
2434 1493 2473 1538 5

391 1577 542 1635 vidia
569 1575 699 1634 falsi
732 1575 986 1633 criminis
1016 1592 1347 1651 oppressus
1378 1585 1666 1655 quatenus
1694 1575 1914 1633 veritati
1944 1585 2002 1633 et
2033 1577 2409 1636 innocentiae

391 1693 558 1733 meae
601 1690 891 1750 nusquam
930 1672 1096 1731 locus
1130 1682 1234 1742 est,
1264 1672 1410 1731 deos
1453 1673 1788 1732 inmortales
1823 1683 2004 1742 testor
2040 1674 2252 1734 vixisse
2289 1695 2408 1748 me,

316 1797 370 1846 15
392 1771 624 1845 Caesar,
665 1790 800 1831 cum
843 1769 956 1828 fide
998 1770 1304 1830 adversum
1347 1781 1420 1843 te,
1464 1789 1656 1848 neque
1699 1772 1809 1830 alia
1849 1773 1911 1829 in
1956 1783 2200 1831 matrem
2242 1785 2408 1833 tuam

390 1871 641 1948 pietate3
689 1887 911 1945 vosque
954 1886 1061 1927 oro
1109 1868 1303 1927 liberis
1353 1869 1499 1927 meis
1544 1870 1877 1941 consulatis,
1922 1889 1995 1929 ex
2039 1873 2248 1947 quibus
2294 1872 2409 1932 Cn.

391 1970 526 2029 Piso
570 1969 978 2046 qualicumque
1029 1967 1297 2026 fortunae
1354 1986 1522 2027 meae
1579 1986 1702 2027 non
1757 1979 1845 2027 est
1900 1970 2221 2040 adiunctus,
2267 1989 2408 2030 cum

392 2086 569 2127 omne
612 2067 725 2126 hoc
769 2076 998 2142 tempus
1041 2065 1103 2122 in
1143 2067 1285 2123 urbe
1328 2066 1524 2141 egerit,
1570 2064 1656 2124 M.
1696 2065 1832 2145 Piso
1874 2076 2130 2142 repetere
2177 2067 2407 2127 Suriam

394 2165 724 2224 dehortatus
766 2173 870 2224 est.
955 2173 1127 2239 atque
1176 2163 1401 2220 utinam
1444 2180 1556 2238 ego
1597 2164 1787 2240 potius
1830 2163 1947 2222 filio
1994 2165 2180 2223 iuveni
2224 2184 2406 2242 quam
2435 2180 2472 2224 6

316 2287 376 2322 20
397 2264 490 2322 ille
531 2265 677 2339 patri
719 2262 845 2322 seni
878 2263 1160 2321 cessisset.
1245 2278 1318 2318 eo
1360 2261 1658 2337 inpensius
1701 2280 1905 2337 precor
1945 2281 2019 2320 ne
2062 2281 2231 2321 meae
2273 2284 2405 2340 pra-

392 2362 577 2420 vitatis
605 2379 827 2438 poenas
864 2359 1137 2418 innoxius
1166 2358 1297 2417 luat.
1385 2377 1489 2435 per
1518 2360 1774 2436 quinque
1803 2369 1860 2417 et
1889 2358 2271 2436 quadraginta
2302 2381 2407 2419 an·
2436 2375 2470 2422 '7

392 2478 600 2518 norum
641 2458 1005 2535 obsequium,
1047 2476 1151 2533 per
1192 2456 1503 2533 collegium
1547 2456 1895 2527 consulatuS,
1928 2457 2228 2532 quondam
2270 2459 2409 2517 divo

393 2558 659 2632 Augusto
701 2557 925 2633 parenti
966 2566 1064 2615 tuo
1106 2555 1383 2631 probatus
1425 2563 1482 2612 et
1523 2555 1624 2613 tibi
1674 2555 1894 2613 amicus
1936 2573 2047 2613 nec
2088 2555 2408 2632 quicquam

393 2665 529 2733 post
567 2654 712 2714 haee
746 2663 1048 2731 rogaturus
1086 2653 1332 2712 salutem
1366 2652 1608 2711 infelicis
1636 2652 1736 2710 filii
1773 2653 1953 2729 rogo.'
2023 2653 2095 2711 de
2126 2652 2407 2714 Plancina
2433 2671 2472 2716 8

318 2778 375 2825 25
396 2752 537 2811 nihil
564 2752 800 2815 addidit.

477 2857 570 2912 17.
615 2850 756 2910 Post
797 2868 947 2926 quae
989 2848 1257 2908 Tiberius
1301 2848 1729 2908 adulescentem
1770 2849 2008 2907 crimine
2051 2848 2228 2908 civilis
2270 2851 2404 2908 belli

399 2949 662 3026 purgavit
690 2946 894 3026 (patris
924 2948 1140 3027 quippe
1180 2948 1355 3018 iussa,
1385 2966 1495 3006 nec
1523 2948 1783 3024 potuisse
1822 2946 2003 3005 filium
2042 2946 2401 3023 detrectare),

398 3047 570 3107 simul
612 3047 972 3106 nobilitatem
1015 3046 1239 3119 domuS,
1277 3047 1452 3106 etiam
1494 3046 1673 3122 ipsius
1714 3062 1955 3121 quoquo
1989 3044 2171 3102 modo
2214 3046 2403 3104 meriti

399 3164 635 3222 gravem
673 3163 871 3204 casum
910 3146 1227 3203 miseratus
1313 3162 1421 3221 pro
1455 3143 1730 3201 Plancina
1768 3161 1901 3200 cum
1940 3141 2157 3218 pudore
2197 3151 2256 3200 et
2295 3143 2401 3202 fla·
2429 3161 2464 3207 2

317 3268 380 3317 30
399 3245 542 3322 gitio
571 3244 846 3316 disseruit,
868 3243 1065 3301 matris
1093 3260 1295 3318 preces
1324 3243 1666 3312 obtendens,
1689 3241 1749 3297 in
1771 3258 1949 3316 quam
1978 3240 2182 3315 optimi
2210 3241 2401 3301 cuius-

400 3361 511 3420 que
554 3343 759 3402 secreti
800 3352 1036 3419 questus
1084 3341 1272 3416 magis
1320 3341 1719 3399 ardescebant.
1803 3338 1864 3397 id
1911 3356 2049 3414 ergo
2093 3337 2177 3396 fas
2221 3339 2400 3413 aviae,
2425 3359 2460 3403 3

397 3439 836 3500 interfectricem
898 3441 1128 3516 nepotis
1187 3439 1501 3514 adspicere,
1560 3433 1810 3513 adloqui,
1875 3437 2093 3511 eripere
2156 3439 2398 3496 senatui.

400 3539 559 3616 quod
607 3557 711 3614 pro
754 3539 1027 3598 omnibus
1068 3537 1287 3597 civibus
1337 3535 1495 3610 leges
1544 3534 1863 3605 obtineant,
1903 3534 2003 3590 uni
2046 3531 2402 3595 Germanico
