2594 3925
379 246 490 301 116
825 252 1188 334 CORNELQ
1230 254 1491 302 TACJTJ
1526 254 1946 303 ANNALIUM
2021 242 2230 325 [A.u.c.
2266 268 2370 317 772.

374 409 657 469 Romanis
698 410 1041 480 inlustribu3,
1085 410 1343 485 seposuit
1387 410 1738 487 Aegyptum,
1784 430 1857 470 ne
1905 411 2060 470 fame
2114 419 2376 487 urgueret

374 507 902 585 Italiam,·quisquis
931 525 1061 566 eam
1089 507 1446 584 provinciam
1473 508 1831 585 claustraque
1867 519 2046 568 terrae
2088 528 2158 567 ac
2201 509 2377 566 maris

373 607 631 681 quamvis
657 607 764 664 levi
792 605 1093 683 praesidio‘
1122 605 1428 664 adversum
1455 606 1718 682 ingentes
1748 608 2028 666 exercitus
2056 606 2378 665 insedisset.

455 710 561 763 60.
612 703 725 762 Sed
795 702 1178 763 Germanicus
1248 703 1516 761 nondum
1586 715 1885 781 comperto
1954 703 2382 781 profectionem

321 823 347 872 5
372 820 500 859 eam
554 802 802 860 incusari
855 801 994 860 Nilo
1049 801 1480 872 subvehebatur‚
1532 821 1696 861 orsus
1753 803 1974 879 oppido
2024 821 2059 860 a
2108 802 2382 878 Canopo.

374 901 680 959 condidere
754 900 812 957 id
884 899 1149 975 Spartani
1218 900 1299 957 ob
1357 900 1644 975 sepultum
1705 902 1818 960 illic
1873 911 2155 960 rectorem
2211 901 2384 959 navis
2413 913 2447 957 2

374 997 700 1074 Canopum,
723 1016 837 1074 qua
863 1006 1200 1073 tempestate
1230 995 1538 1056 Menelaus
1569 998 1878 1058 Graeciam
1904 1009 2168 1077 repetens
2192 1000 2384 1058 diver-

374 1114 500 1154 sum
530 1095 604 1154 ad
634 1114 789 1154 mare
817 1105 1142 1170 terramque
1165 1094 1412 1171 Libyam
1436 1096 1690 1156 deiectus
1718 1104 1811 1156 est.
1883 1098 2019 1157 inde
2041 1098 2383 1175 proximum
2411 1110 2443 1154 3

373 1194 560 1252 amnis
608 1211 677 1251 os
724 1193 977 1251 dicatum
1023 1191 1273 1263 Herculi,
1317 1211 1492 1268 quem
1534 1194 1839 1271 indigenae
1881 1206 2073 1254 ortum
2114 1197 2275 1272 apud
2317 1215 2383 1255 se

302 1315 356 1349 10
373 1301 430 1349 et
484 1291 942 1367 antiquissimum
983 1290 1284 1366 perhibent
1326 1310 1545 1368 eosque
1601 1294 1701 1369 qui
1742 1305 1947 1370 postea
2001 1296 2126 1372 pari
2175 1296 2384 1353 virtute

373 1387 580 1446 fuerint
621 1389 682 1445 in
723 1397 1175 1464 cognomentum
1217 1388 1340 1446 eius
1398 1389 1684 1463 adscitos3
1751 1410 1892 1452 mox
1947 1394 2071 1452 visit
2118 1402 2382 1452 veterum

374 1485 710 1544 Thebarum
757 1504 971 1563 magna
1020 1486 1272 1562 vestigia.
1357 1495 1414 1545 et
1468 1490 1783 1548 manebant
1844 1492 2068 1550 structis
2122 1492 2384 1550 molibus
2410 1507 2449 1550 4

296 1625 299 1632 ·
375 1584 588 1642 litterae
616 1583 953 1660 Aegyptiae,
983 1584 1236 1659 priorem
1264 1584 1621 1661 opulentiam
1649 1589 2023 1665 complexae3
2074 1589 2384 1666 iussusque

374 1702 406 1741 e
435 1675 750 1742 senioribus
793 1682 1157 1741 sacerdotum
1197 1683 1448 1757 patrium
1505 1702 1833 1744 sermonem
1874 1688 2247 1763 interpretari,
2292 1707 2384 1746 re-

302 1803 356 1853 15
374 1781 590 1840 ferebat
631 1781 916 1840 habitasse
958 1780 1260 1856 quondam
1303 1782 1665 1857 septingenta
1708 1784 1865 1842 milia
1904 1795 2088 1843 aetate
2131 1784 2384 1855 militari,

377 1890 547 1956 atque
603 1898 675 1939 eo
732 1897 867 1937 cum
921 1878 1176 1937 exercitu
1226 1897 1427 1954 regem
1483 1879 1784 1939 Rhamsen
1832 1881 2020 1959 Libya
2066 1883 2387 1960 Aethiopia

378 1978 685 2056 Medisque
726 1988 783 2037 et
811 1978 999 2037 Persis
1037 1988 1094 2037 et
1132 1977 1440 2037 Bactriano
1474 1997 1542 2037 ac
1575 1979 1789 2057 Scytha
1827 1982 2075 2058 potitum
2115 2000 2386 2059 quasque

379 2088 554 2136 terras
598 2077 723 2137 Suri
758 2077 1133 2153 Armeniique
1175 2084 1231 2133 et
1273 2076 1530 2152 contigui
1568 2076 1950 2155 Cappadoces
1993 2080 2209 2151 colunt,
2243 2081 2386 2138 inde

379 2176 708 2253 Bithynum,
729 2175 864 2233 hinc
887 2175 1130 2252 Lycium
1159 2173 1234 2231 ad
1261 2191 1419 2232 mare
1441 2174 1684 2251 imperio
1706 2177 1972 2236 tenuisse.
2043 2177 2386 2253 legebantur
2412 2191 2452 2238 5

305 2299 364 2333 20
380 2285 437 2333 et
474 2274 686 2333 indicta
721 2274 989 2350 gentibus
1026 2273 1249 2341 tributa,
1293 2271 1525 2346 pondus
1564 2274 1784 2349 argenti
1828 2284 1887 2333 et
1926 2275 2063 2346 auri,
2103 2293 2385 2334 numerus

383 2391 673 2432 armorum
722 2389 1114 2450 equorumque
1156 2379 1213 2427 et
1262 2369 1421 2428 dona
1469 2372 1696 2448 templis
1745 2374 1887 2431 ebur
1932 2383 2103 2449 atque
2150 2373 2383 2445 odoreS,

328 2512 331 2523 .
384 2491 640 2550 quasque
670 2472 871 2547 copias
899 2469 1166 2529 frumenti
1194 2477 1252 2526 et
1277 2468 1542 2526 omnium
1569 2471 1898 2530 utensilium
1927 2489 2192 2547 quaeque
2224 2474 2388 2531 natio

384 2571 677 2648 penderet,
700 2569 857 2627 haud
884 2570 1074 2626 minus
1101 2566 1412 2643 magnifica
1439 2583 1614 2641 quam
1642 2586 1799 2626 nunc
1827 2569 1881 2625 vi
1910 2568 2256 2627 Parthorum
2285 2580 2392 2628 aut

386 2669 643 2748 potentia
672 2667 943 2726 Romana
967 2668 1248 2724 iubentur.
1831 2656 1846 2673 ¹

312 2793 370 2842 25
474 2775 566 2828 61.
610 2766 881 2826 Ceterum
927 2764 1310 2824 Germanicus
1353 2762 1476 2820 aliis
1521 2781 1756 2841 quoque
1806 2765 2094 2824 miraculis
2142 2765 2390 2824 intendit

388 2866 664 2936 animum,
699 2862 1296 2941 quorum'praecipua
1349 2860 1504 2919 fuere
1555 2860 1893 2922 Memnonis
1936 2880 2110 2921 saxea
2149 2862 2387 2937 effigies,

389 2965 489 3022 ubi
514 2963 683 3022 radiis
719 2962 852 3022 solis
885 2962 997 3020 icta
1024 2971 1126 3032 est,
1157 2958 1419 3018 vocalem
1460 2976 1670 3017 sonum
1711 2960 1978 3031 reddenS,
2008 2960 2389 3036 disiectasque

393 3064 536 3120 inter
563 3072 620 3120 et
645 3061 739 3119 vix
767 3061 990 3137 pervias
1019 3076 1220 3117 arenas
1259 3057 1437 3116 instar
1464 3058 1755 3115 montium
1794 3058 2033 3116 eductae
2062 3059 2391 3134 pyramides

396 3160 704 3219 certamine
754 3167 811 3216 et
856 3158 1066 3234 opibus
1107 3172 1330 3231 regum,
1371 3153 1645 3230 lacusque
1696 3155 1908 3214 effossa
1951 3155 2146 3225 hum0,
2193 3174 2392 3231 super-

321 3282 382 3330 30
397 3258 625 3316 fluentis
666 3256 783 3314 Nili
825 3253 1216 3331 receptacula3
1274 3261 1446 3327 atque
1490 3252 1622 3309 alibi
1671 3254 1967 3329 angustiae
2009 3264 2065 3313 et
2106 3252 2393 3329 profunda

399 3356 651 3424 altitudo,
674 3354 842 3412 nullis
870 3351 1277 3429 inquirentium
1309 3350 1504 3425 spatiis
1534 3351 1913 3426 penetrabilis.
1981 3351 2137 3409 exim
2158 3360 2392 3409 ventum
2424 3366 2462 3412 2

400 3453 826 3527 Elephantinen
856 3470 924 3510 ac
965 3450 1208 3524 Syenen,
1240 3447 1483 3505 claustra
1511 3448 1651 3505 olim
1682 3440 1934 3507 Romani
1964 3449 2202 3525 imperii,
2234 3451 2394 3528 quod

405 3569 558 3609 nunc
589 3551 820 3607 rubrum
847 3549 1102 3606 ad=mare
1131 3546 1387 3622 patescit.
