2594 3925
218 247 342 291 an.
371 225 477 310 ιφ]
820 237 1054 288 LIBER
1091 237 1140 289 1:
1202 237 1358 288 CAP.
1402 241 1618 305 33-37·
2145 229 2222 302 63

166 407 197 453 3
220 394 381 453 bant.
466 391 625 452 fuere
673 394 852 453 etiam
899 394 998 471 qui
1046 393 1299 471 legatam
1347 414 1383 453 a
1428 394 1559 454 divo
1605 393 1871 471 Augusto
1920 391 2227 469 pecuniam

219 501 614 568 reposcerent,
666 491 861 550 faustis
917 493 978 549 in
1023 490 1440 552 Germanicum
1487 493 1811 564 ominibus;
1862 500 1921 550 et
1967 492 2017 551 si
2063 491 2230 550 vellet

162 600 196 644 4
219 591 549 666 imperium,
593 601 892 666 promptas
934 609 1024 649 res
1072 600 1450 649 ostentavere.
1531 600 1654 648 tum
1696 607 1849 661 vero,
1892 590 2056 666 quasi
2103 607 2229 648 sce·-

163 703 195 748 5
219 688 340 747 lere
372 688 871 758 contaminaretur,
906 707 1186 766 praeceps
1214 689 1483 747 tribunali
1512 674 1751 747 desiluit.
1834 697 2231 764 opposuerunt

221 786 463 845 abeunti
496 805 672 857 arma,
711 787 1063 860 minitanteS,
1100 788 1163 846 ni
1197 787 1593 864 regrederetur
1607 804 1625 859 3
1668 795 1728 844 at
1764 785 1856 843 ille
1893 787 2231 844 moriturum
2251 809 2280 858 5

221 885 417 960 potius
455 903 631 961 quam
663 885 840 943 fidem
877 896 1109 949 exueret
1141 885 1457 958 clamitans,
1488 885 1699 944 sermm
1731 903 1768 943 a
1801 884 1974 943 latere
2004 883 2233 961 djripuit

221 982 556 1059 elatumque
598 983 890 1041 deferebat
932 985 992 1042 in
1033 993 1253 1060 pectus,
1283 986 1345 1042 ni
1387 984 1636 1061 proximi
1668 1001 1939 1060 prensam
1974 982 2232 1042 dextram

163 1091 200 1136 6
222 1081 279 1136 vi
320 1081 718 1140 adtinuissent.
803 1092 1063 1141 extrema
1110 1093 1169 1142 et
1213 1083 1566 1160 conglobata
1614 1084 1762 1140 inter
1804 1099 1866 1139 se
1910 1098 2045 1156 pars
2088 1098 2230 1139 con-

225 1179 401 1236 tionis
449 1197 539 1250 ac,
596 1181 689 1238 vix
745 1180 1014 1239 credibile
1069 1181 1242 1253 dictu,
1301 1181 1535 1258 quidam
1590 1180 1799 1256 singuli
1851 1179 2091 1256 propius
2144 1179 2232 1237 in-

226 1277 520 1349 cedentes,
578 1278 764 1337 feriret
818 1279 1194 1339 hortabantur
1210 1298 1227 1353 3
1299 1289 1357 1338 et
1409 1274 1575 1338 miles'
1623 1278 1861 1338 nomine
1910 1277 2232 1337 Calusidius
2254 1301 2314 1337 10

164 1385 201 1432 ’1
229 1375 494 1433 strictum
536 1377 739 1435 obtulit
780 1378 1052 1454 gladium,
1083 1379 1282 1438 addito
1326 1378 1642 1437 acutiorem
1681 1395 1824 1435 esse.
1908 1394 2143 1435 saevum
2173 1378 2234 1436 id

228 1472 481 1550 malique
522 1477 699 1534 moris
742 1479 918 1535 etiam
961 1477 1280 1536 furentibus
1323 1477 1527 1547 visum,
1571 1470 1640 1536 ac
1682 1475 1932 1551 spatium
1974 1474 2075 1534 fuit
2116 1493 2233 1552 quo

231 1568 451 1629 Caesar
490 1574 565 1631 ab
607 1574 806 1632 amicis
848 1575 909 1632 in
950 1574 1387 1633 tabernaculum
1428 1582 1734 1652 raperetur.

310 1676 415 1730 36.
463 1669 868 1730 Consultatum
911 1673 990 1731 ibi
1032 1672 1106 1731 de
1149 1673 1445 1746 remedi03
1489 1673 1702 1731 etenim
1742 1671 2109 1731 nuntiabatur
2135 1691 2235 1750 pa-

226 1769 339 1827 rari
389 1767 615 1844 legatos
662 1771 760 1846 qui
813 1770 1167 1845 superiorem
1213 1771 1530 1830 exercitum
1577 1770 1653 1828 ad
1707 1787 1943 1829 causam
1989 1771 2236 1829 eandem
2259 1793 2313 1842 15

225 1865 553 1925 traherent:
598 1866 946 1927 destinatum
974 1869 1200 1928 excidio
1229 1868 1517 1928 Ubiorum
1544 1868 1846 1946 oppidum,
1874 1869 2236 1944 imbutasque

165 1978 201 2024 2
227 1965 450 2041 praeda
483 1984 690 2025 manus
727 1967 787 2025 in
823 1966 1211 2044 direptionem
1241 1966 1560 2026 Galliarum
1594 1976 1908 2043 erupturas.
1990 1968 2238 2043 augebat

145 2071 148 2074 '
216 2075 455 2123 metum
503 2084 718 2139 gnarus
770 2065 1074 2125 Romanae
1123 2066 1425 2126 seditionis
1473 2075 1547 2138 et,
1596 2066 1646 2125 si
1694 2066 2046 2125 omitteretur
2092 2067 2236 2142 ripa,

227 2164 533 2221 invasurus
573 2162 785 2223 hostist
828 2173 888 2223 at
928 2166 975 2223 si
1013 2165 1224 2224 auxilia
1260 2174 1319 2223 et
1357 2165 1499 2223 socii
1531 2163 1835 2222 adversum
1873 2165 2236 2224 abscedentis

167 2276 202 2322 8
228 2261 492 2336 legiones
531 2272 902 2332 armarentur,
941 2262 1101 2321 civile
1144 2262 1359 2322 bellum
1402 2261 1629 2337 suscipi.
1711 2261 2037 2337 periculosa
2077 2280 2236 2321 seve·
2255 2286 2317 2321 20

226 2358 387 2430 ritaS,
443 2358 728 2434 flagitiosa
780 2360 1036 2436 largitio:
1096 2378 1199 2419 seu
1253 2360 1395 2419 nihil
1454 2359 1619 2417 militi
1673 2359 1789 2418 sive
1843 2360 2041 2418 omnia
2095 2379 2237 2419 con-

167 2470 207 2515 4
230 2456 588 2529 cederentur,
630 2458 691 2515 in
731 2459 968 2535 ancipiti
1009 2477 1100 2519 res
1141 2459 1387 2535 publica.
1471 2458 1641 2533 igitur
1681 2457 1947 2517 volutatis
1987 2459 2136 2517 inter
2176 2478 2239 2519 se

227 2554 550 2614 rationibus
613 2555 888 2631 placitum
942 2567 1006 2616 ut
1061 2556 1339 2636 epistulae
1402 2556 1643 2615 nomine
1695 2555 1970 2633 principis
2025 2558 2239 2617 scribe-

229 2662 462 2712 rentur:
508 2654 846 2714 missionem
891 2655 1012 2713 dari
1047 2656 1249 2714 vicena
1286 2654 1570 2731 stipendia
1610 2654 1842 2725 meritiS‚
1880 2657 2240 2715 exauctorari

229 2752 332 2828 qui
381 2768 524 2810 sena
583 2751 733 2811 dena
780 2752 1053 2813 fecissent
1106 2771 1177 2813 ac
1232 2753 1459 2812 retineri
1508 2752 1616 2811 sub
1664 2753 1871 2811 vexillo
1921 2764 2240 2813 ceterorum
2260 2781 2318 2831 25

229 2850 504 2908 inmunes
547 2850 655 2909 nisi
699 2852 1073 2927 propulsandi
1114 2851 1316 2922 hostiS,
1360 2852 1551 2927 legata
1591 2869 1739 2928 quae
1780 2852 2100 2929 petiverant
2138 2872 2241 2912 ex-

231 2946 375 3007 solvi
419 2947 831 3025 duplicarique.
1403 3021 1408 3024 ,

313 3049 413 3105 37.
459 3043 650 3104 Sensit
693 3046 857 3105 miles
912 3047 973 3105 in
1018 3057 1249 3127 tempus
1300 3049 1553 3107 conficta
1602 3047 1906 3125 statimque
1950 3048 2239 3125 flagitavit.

231 3142 430 3201 missio
462 3161 567 3218 per
600 3143 864 3204 tribunos
903 3154 1234 3218 maturatur,
1266 3146 1490 3222 largitio
1520 3145 1886 3206 differebatur
1914 3147 1974 3204 in
2001 3146 2241 3206 hiberna

170 3263 207 3308 2
230 3240 528 3316 cuiusque.
611 3258 736 3299 non
776 3242 1108 3302 abscessere
1151 3244 1409 3319 quintani
1450 3243 2095 3321 unetvicensirnanique‚
2132 3244 2235 3304 do·
2255 3268 2320 3319 30

229 3356 342 3397 nec
383 3338 572 3397 isdem
607 3339 666 3395 in
707 3340 933 3399 aestivis
974 3350 1267 3400 contracta
1308 3360 1381 3400 ex
1423 3341 1629 3401 viatico
1668 3343 1988 3401 amicorum
2029 3343 2235 3419 ipsius-

170 3454 205 3501 8
228 3452 343 3511 que
379 3435 659 3496 Caesaris
682 3437 930 3515 pecunia
963 3438 1397 3514 persolveretur.
1480 3439 1730 3515 primam
1768 3457 1838 3499 ac
1863 3439 2236 3500 vicensimam

231 3533 491 3609 legiones
516 3533 780 3594 ‘Caecina
817 3535 1038 3615 legatus
1080 3536 1141 3596 in
1181 3537 1468 3596 civitatem
1495 3536 1778 3598 Ubiorum
1817 3538 2057 3611 reduxit,
2086 3540 2236 3617 turpi
