2594 3925
370 219 390 256 1
403 218 479 270 04
813 209 1178 260 CORNELII
1217 208 1310 257 TA
1322 208 1399 257 CI
1402 208 1484 257 TI
1518 206 1940 257 ANNALIUM
2012 193 2092 277 [A.
2106 213 2225 255 U.c.
2252 202 2356 266 769.

362 365 473 422 tius
500 366 904 439 adversaretur,
932 367 1022 427 his
1061 368 1242 426 ferme
1268 367 1453 425 verbis
1481 384 1656 427 usus:
1697 372 1711 398 ‘
1735 367 1784 426 si
1828 374 2106 444 quantum
2148 382 2363 440 paupe·
2386 380 2424 424 2

362 480 489 521 rum
517 473 605 523 est
630 466 821 523 venire
862 466 976 525 huc
1018 475 1075 524 et
1114 459 1306 548 liberis
1346 466 1465 523 suis
1506 474 1698 541 petere
1737 464 2014 542 pecunias
2055 462 2363 538 coeperint,

363 561 573 636 singuli
599 580 918 640 numquam
938 564 1382 635 exsatiabuntur,
1400 581 1493 623 res
1519 564 1751 640 publica
1776 563 2021 622 deficiet.
2088 579 2199 619 nec
2228 578 2366 618 sane
2390 574 2421 619 3

361 656 490 716 ideo
527 677 562 717 a
586 660 895 720 maioribus
932 679 1278 721 concessum
1314 671 1402 720 est
1439 661 1633 740 egredi
1670 661 1981 739 aliquando
2022 660 2365 718 relationem

309 778 337 825 5
359 765 416 813 et
461 757 620 832 quod
663 758 724 816 in
769 778 1077 820 commune
1121 760 1411 819 conducat
1457 760 1588 818 loco
1634 760 1947 822 sententiae
1987 757 2260 835 proferre,
2302 764 2369 813 ut

361 854 575 929 privata
615 858 853 932 negotia
890 866 949 916 et
986 876 1078 916 res
1120 857 1424 916 familiares
1466 867 1692 916 nostras
1732 857 1826 916 hic
1868 873 2199 938 augeamus
2230 872 2369 913 cum

360 952 572 1013 invidia
599 965 832 1015 senatus
860 966 918 1016 et
953 957 1292 1033 principum,
1323 957 1440 1015 sive
1480 955 1815 1014 indulserint
1848 954 2213 1030 largitionem
2252 952 2370 1010 sive

279 1039 286 1044 ⁴
362 1037 680 1110 abnuerint.
762 1072 883 1112 non
923 1054 1079 1111 enim
1121 1072 1323 1130 preces
1365 1064 1501 1112 sunt
1540 1054 1708 1138 istud,
1754 1053 1856 1112 sed
1895 1050 2239 1127 efflagitatiO,
2281 1050 2370 1107 in-
2394 1062 2432 1108 4

361 1150 698 1225 tempestiva
742 1150 978 1227 quidem
1025 1161 1083 1210 et
1121 1152 1430 1228 inprovisa,
1474 1169 1609 1211 cum
1653 1151 1775 1209 aliis
1824 1150 1896 1208 de
1936 1151 2107 1208 rebus
2156 1166 2372 1206 conve-

286 1270 345 1304 10
364 1248 548 1305 nerint
601 1257 807 1324 patreS,
851 1267 1200 1326 consurgere
1254 1259 1313 1308 et
1355 1267 1616 1325 ⁴numero
1670 1258 1843 1325 atque
1890 1256 2073 1306 aetate
2126 1245 2373 1304 liberum

364 1363 601 1403 suorum
627 1364 867 1421 urguere
894 1331 1241 1406 modestiam
1270 1356 1521 1419 senatus,
1550 1346 1795 1405 eandem
1824 1345 1940 1403 vim
1967 1346 2027 1403 in
2054 1363 2149 1402 me
2183 1352 2372 1405 trans-

363 1443 588 1501 mittere
622 1462 692 1502 ac
720 1446 873 1503 velut
913 1429 1264 1522 perfringere
1307 1446 1605 1518 aerarium,
1634 1444 1796 1521 quod
1838 1445 1886 1502 si
1927 1443 2240 1502 ambitione
2270 1462 2373 1501 ex-

364 1540 736 1614 hauserimus,
766 1562 869 1619 per
896 1544 1116 1602 scelera
1144 1544 1534 1621 supplendum
1561 1543 1682 1601 erit.
1766 1542 1923 1600 dedit
1955 1542 2073 1611 tibi,
2106 1540 2372 1611 Hortale,
2398 1553 2433 1599 5

363 1639 524 1698 divus
566 1639 862 1717 Augustus
902 1642 1228 1718 pecuniam,
1272 1642 1377 1701 sed
1417 1661 1540 1701 non
1580 1640 1940 1717 conpellatus
1982 1658 2090 1697 nec
2132 1657 2206 1697 ea
2243 1639 2376 1714 lege

286 1757 343 1808 15
362 1746 425 1794 ut
473 1755 699 1813 semper
746 1739 987 1798 daretur.
1067 1740 1403 1817 languescet
1425 1739 1658 1816 ‘alioqui
1704 1738 1999 1809 industria,
2048 1736 2412 1826 intendetur„
2398 1752 2437 1797 6

362 1835 648 1906 socordia,
696 1836 743 1895 si
790 1837 977 1896 nullus
1000 1841 1099 1898 ’ex
1146 1856 1208 1897 se
1258 1848 1446 1897 metus
1488 1847 1586 1896 aut
1635 1854 1786 1913 speS,
1829 1845 1888 1894 et
1928 1835 2115 1894 securi
2163 1852 2377 1892 omnes

364 1933 548 1993 aliena
575 1935 831 1994 subsidia
865 1937 1301 2014 exspectabunt,
1331 1936 1437 1996 sibi
1465 1934 1675 2012 ignavi,
1706 1934 1876 1993 nobis
1902 1932 2139 2010 graves!
2226 1932 2375 1991 haec
2401 1945 2436 1994 7

363 2043 533 2110 atque
577 2034 725 2106 talia,
772 2053 1124 2113 quamquam
1171 2054 1306 2094 cum
1356 2035 1610 2094 adsensu
1654 2033 1847 2091 audita
1896 2034 1971 2090 ab
2026 2032 2111 2102 iis,
2155 2031 2375 2106 quibus

363 2131 560 2189 omnia
595 2132 936 2210 principum,
966 2133 1214 2193 honesta
1254 2143 1423 2210 atque
1466 2132 1788 2202 inhonesta,
1818 2130 2050 2189 laudare
2091 2147 2225 2188 mos
2267 2139 2375 2200 est,

287 2248 346 2286 20
363 2228 553 2304 plures
580 2248 684 2305 per
711 2230 995 2289 silentium
1036 2242 1136 2290 aut
1168 2232 1460 2291 occultum
1491 2248 1750 2288 murmur
1787 2246 2084 2304 excepere.
2168 2227 2376 2287 sensit·
2399 2240 2440 2285 8

364 2344 474 2402 que
497 2325 799 2401 Tiberius;
841 2339 898 2387 et
925 2347 1060 2388 cum
1100 2330 1339 2406 paulum
1379 2329 1712 2399 reticuisset,
1743 2326 1989 2385 Hortalo
2032 2345 2091 2385 se
2129 2343 2375 2402 respon-

367 2424 520 2482 disse
547 2424 662 2482 ait:
706 2435 960 2484 ceterum
1003 2427 1050 2485 si
1092 2427 1351 2504 patribus
1379 2427 1675 2497 videretur,
1707 2425 1972 2483 daturum
2014 2423 2207 2482 liberis
2247 2424 2374 2482 eius

365 2521 591 2580 ducena
633 2525 893 2583 sestertia
935 2525 1191 2602 singulis,
1222 2526 1322 2602 qui
1361 2543 1534 2583 sexus
1567 2524 1738 2582 virilis
1778 2532 1990 2581 essent.
2074 2540 2242 2598 egere
2276 2521 2376 2578 alii
2397 2534 2439 2580 9

364 2628 586 2711 grates)
643 2621 791 2679 siluit
847 2621 1142 2694 Hortalus,
1189 2641 1403 2699 pavore
1460 2641 1537 2680 an
1592 2622 1775 2709 avitae
1831 2620 2141 2678 nobilitatis
2196 2620 2376 2677 etiam

2579 693 2581 708 ι

2307 723 2490 744 ν--ο
2579 725 2581 736 ;

2579 759 2581 774 ι

289 2718 513 2787 251111&
553 2720 848 2793 angustias
878 2720 1140 2780 fortunae
1178 2722 1448 2780 retinens,
1532 2738 1720 2796 neque
1752 2719 2055 2778 miseratus
2092 2727 2179 2776 est
2208 2725 2374 2792 post·
2400 2730 2475 2775 10
2579 2724 2581 2757 Ι

365 2814 475 2874 hac
493 2815 781 2889 Tiberius,
804 2818 1068 2894 quamvis
1095 2820 1308 2880 domus
1338 2819 1636 2880 Hortensii
1652 2817 1986 2896 pudendam
2015 2815 2092 2874 ad
2112 2815 2374 2892 inopiam

367 2911 741 2973 delaberetur.

448 3018 555 3071 39.
600 3011 826 3071 Eodem
867 3032 1024 3074 anno
1065 3016 1343 3093 mancipii
1382 3017 1552 3075 unius
1595 3013 1847 3086 audacia,
1879 3013 1939 3070 ni
1973 3021 2192 3070 mature
2237 3011 2373 3069 sub-

368 3120 602 3168 ventum
634 3110 796 3183 foret,
828 3113 1125 3173 discordiis
1166 3116 1458 3192 armisque
1486 3114 1739 3173 civilibus
1773 3131 1895 3170 rem
1923 3111 2213 3187 publicam
2242 3128 2372 3185 per-

292 3230 354 3278 30
373 3208 619 3268 culisset.
666 3209 926 3269 Postumi
953 3212 1250 3289 Agrippae
1280 3231 1493 3284 servus,
1513 3213 1747 3272 nomine
1776 3209 2067 3279 ClemenS‚
2086 3218 2372 3283 conperto
2397 3217 2433 3261 2

370 3306 483 3366 fine
525 3307 772 3384 Augusti
812 3327 1050 3385 pergere
1085 3310 1146 3367 in
1174 3311 1425 3368 insulam
1467 3309 1794 3368 Planasiam
1837 3317 1895 3367 et
1935 3306 2132 3365 fraude
2176 3313 2276 3362 aut
2316 3307 2374 3364 vi

372 3415 602 3481 raptum
629 3405 955 3482 Agrippam
996 3406 1141 3466 ferre
1180 3407 1255 3465 ad
1293 3409 1577 3466 exercitus
1607 3406 1990 3466 Germanicos
2028 3422 2150 3462 non
2184 3402 2375 3462 servili

372 3502 568 3561 animo
600 3507 880 3581 concepit.
966 3523 1104 3592 apsa
1133 3506 1254 3564 eius
1283 3506 1559 3583 inpedivit
1586 3505 1818 3565 tarditas
1847 3503 2139 3562 onerariae
2170 3500 2370 3574 navis;
2397 3511 2432 3559 8
