<?xml version="1.0" encoding="UTF-8"?>
<!DOCTYPE html PUBLIC "-//W3C//DTD XHTML 1.0 Transitional//EN"
    "http://www.w3.org/TR/xhtml1/DTD/xhtml1-transitional.dtd">
<html xmlns="http://www.w3.org/1999/xhtml" xml:lang="en" lang="en">
 <head>
  <title>
</title>
<meta http-equiv="Content-Type" content="text/html;charset=utf-8" />
  <meta name='ocr-system' content='tesseract 3.04.00' />
  <meta name='ocr-capabilities' content='ocr_page ocr_carea ocr_par ocr_line ocrx_word'/>
</head>
<body>
  <div class='ocr_page' id='page_1' title='image "./annalium00tacigoog_0196.png"; bbox 0 0 2594 3925; ppageno 0'>
   <div class='ocr_carea' id='block_1_1' title="bbox 385 204 2367 287">
    <p class='ocr_par' dir='ltr' id='par_1_1' title="bbox 385 204 2367 287">
     <span class='ocr_line' id='line_1_1' title="bbox 385 204 2367 287; baseline 0.002 -22"><span class='ocrx_word' id='word_1_1' title='bbox 385 210 492 265; x_wconf 89' lang='lat'><strong>182</strong></span> <span class='ocrx_word' id='word_1_2' title='bbox 827 214 1189 265; x_wconf 82' lang='lat' dir='ltr'><em>CORNELII</em></span> <span class='ocrx_word' id='word_1_3' title='bbox 1228 215 1487 265; x_wconf 79' lang='lat' dir='ltr'><strong><em>TACJTJ</em></strong></span> <span class='ocrx_word' id='word_1_4' title='bbox 1524 215 1944 266; x_wconf 82' lang='lat' dir='ltr'><em>ANNALIUM</em></span> <span class='ocrx_word' id='word_1_5' title='bbox 2018 204 2229 287; x_wconf 70' lang='lat' dir='ltr'><strong>[A.u.c.</strong></span> <span class='ocrx_word' id='word_1_6' title='bbox 2262 229 2367 283; x_wconf 82' lang='lat'><strong>77⁷·</strong></span> 
     </span>
    </p>
   </div>
   <div class='ocr_carea' id='block_1_2' title="bbox 286 372 2436 3589">
    <p class='ocr_par' dir='ltr' id='par_1_2' title="bbox 373 372 2424 725">
     <span class='ocr_line' id='line_1_2' title="bbox 375 372 2371 451; baseline 0.003 -21"><span class='ocrx_word' id='word_1_7' title='bbox 375 372 662 449; x_wconf 85' lang='lat' dir='ltr'><strong>quaedam</strong></span> <span class='ocrx_word' id='word_1_8' title='bbox 702 372 1096 431; x_wconf 90' lang='lat' dir='ltr'><strong>contumacius</strong></span> <span class='ocrx_word' id='word_1_9' title='bbox 1138 390 1316 448; x_wconf 92' lang='lat' dir='ltr'><strong>quam</strong></span> <span class='ocrx_word' id='word_1_10' title='bbox 1359 382 1547 430; x_wconf 92' lang='lat' dir='ltr'><strong>tutum</strong></span> <span class='ocrx_word' id='word_1_11' title='bbox 1590 373 1745 449; x_wconf 90' lang='lat' dir='ltr'><strong>apud</strong></span> <span class='ocrx_word' id='word_1_12' title='bbox 1786 391 1956 433; x_wconf 90' lang='lat' dir='ltr'><strong>aures</strong></span> <span class='ocrx_word' id='word_1_13' title='bbox 1999 377 2279 451; x_wconf 88' lang='lat' dir='ltr'><strong>superbas</strong></span> <span class='ocrx_word' id='word_1_14' title='bbox 2317 386 2371 436; x_wconf 90' lang='lat' dir='ltr'><strong>et</strong></span> 
     </span>
     <span class='ocr_line' id='line_1_3' title="bbox 375 469 2424 548; baseline 0.002 -20"><span class='ocrx_word' id='word_1_15' title='bbox 375 470 685 529; x_wconf 88' lang='lat' dir='ltr'><strong>offensioni</strong></span> <span class='ocrx_word' id='word_1_16' title='bbox 738 470 1054 547; x_wconf 88' lang='lat' dir='ltr'><strong>proniores.</strong></span> <span class='ocrx_word' id='word_1_17' title='bbox 1139 488 1209 529; x_wconf 93' lang='lat' dir='ltr'><strong>ea</strong></span> <span class='ocrx_word' id='word_1_18' title='bbox 1257 469 1476 529; x_wconf 92' lang='lat' dir='ltr'><strong>Caesar</strong></span> <span class='ocrx_word' id='word_1_19' title='bbox 1524 480 1662 529; x_wconf 93' lang='lat' dir='ltr'><strong>octo</strong></span> <span class='ocrx_word' id='word_1_20' title='bbox 1718 481 1854 548; x_wconf 93' lang='lat' dir='ltr'><strong>post</strong></span> <span class='ocrx_word' id='word_1_21' title='bbox 1909 490 2098 530; x_wconf 90' lang='lat' dir='ltr'><strong>annos</strong></span> <span class='ocrx_word' id='word_1_22' title='bbox 2145 475 2368 544; x_wconf 88' lang='lat' dir='ltr'><strong>rettulit,</strong></span> <span class='ocrx_word' id='word_1_23' title='bbox 2392 493 2424 538; x_wconf 82' lang='lat'><strong>5</strong></span> 
     </span>
     <span class='ocr_line' id='line_1_4' title="bbox 373 568 2371 646; baseline 0.003 -21"><span class='ocrx_word' id='word_1_24' title='bbox 373 568 627 627; x_wconf 88' lang='lat' dir='ltr'><strong>medium</strong></span> <span class='ocrx_word' id='word_1_25' title='bbox 661 577 893 645; x_wconf 88' lang='lat' dir='ltr'><strong>tempus</strong></span> <span class='ocrx_word' id='word_1_26' title='bbox 925 569 1077 627; x_wconf 90' lang='lat' dir='ltr'><strong>varie</strong></span> <span class='ocrx_word' id='word_1_27' title='bbox 1113 586 1378 644; x_wconf 83' lang='lat' dir='ltr'><strong>arguenS,</strong></span> <span class='ocrx_word' id='word_1_28' title='bbox 1417 568 1591 627; x_wconf 90' lang='lat' dir='ltr'><strong>etiam</strong></span> <span class='ocrx_word' id='word_1_29' title='bbox 1629 569 1678 628; x_wconf 93' lang='lat' dir='ltr'><strong>si</strong></span> <span class='ocrx_word' id='word_1_30' title='bbox 1715 578 2005 628; x_wconf 91' lang='lat' dir='ltr'><strong>tormenta</strong></span> <span class='ocrx_word' id='word_1_31' title='bbox 2048 571 2371 646; x_wconf 88' lang='lat' dir='ltr'><strong>pervicacia</strong></span> 
     </span>
     <span class='ocr_line' id='line_1_5' title="bbox 374 666 1260 725; baseline 0.001 -3"><span class='ocrx_word' id='word_1_32' title='bbox 374 684 664 725; x_wconf 90' lang='lat' dir='ltr'><strong>servorum</strong></span> <span class='ocrx_word' id='word_1_33' title='bbox 691 676 894 724; x_wconf 90' lang='lat' dir='ltr'><strong>contra</strong></span> <span class='ocrx_word' id='word_1_34' title='bbox 921 666 1260 724; x_wconf 89' lang='lat' dir='ltr'><strong>evenissent.</strong></span> 
     </span>
    </p>

    <p class='ocr_par' dir='ltr' id='par_1_3' title="bbox 320 763 2426 1235">
     <span class='ocr_line' id='line_1_6' title="bbox 320 763 2369 846; baseline 0.001 -22"><span class='ocrx_word' id='word_1_35' title='bbox 320 787 347 835; x_wconf 85' lang='lat'>5</span> <span class='ocrx_word' id='word_1_36' title='bbox 452 771 556 824; x_wconf 82' lang='lat'><strong>30.</strong></span> <span class='ocrx_word' id='word_1_37' title='bbox 598 764 783 823; x_wconf 88' lang='lat' dir='ltr'>Dictis</span> <span class='ocrx_word' id='word_1_38' title='bbox 819 764 954 822; x_wconf 92' lang='lat' dir='ltr'><strong>dein</strong></span> <span class='ocrx_word' id='word_1_39' title='bbox 992 764 1285 823; x_wconf 89' lang='lat' dir='ltr'>sententiis</span> <span class='ocrx_word' id='word_1_40' title='bbox 1315 774 1378 823; x_wconf 93' lang='lat' dir='ltr'><strong>ut</strong></span> <span class='ocrx_word' id='word_1_41' title='bbox 1408 763 1656 825; x_wconf 84' lang='lat' dir='ltr'><strong>Serenus</strong></span> <span class='ocrx_word' id='word_1_42' title='bbox 1691 785 1852 826; x_wconf 93' lang='lat' dir='ltr'><strong>more</strong></span> <span class='ocrx_word' id='word_1_43' title='bbox 1887 768 2174 827; x_wconf 89' lang='lat' dir='ltr'><strong>maiorum</strong></span> <span class='ocrx_word' id='word_1_44' title='bbox 2205 769 2369 846; x_wconf 91' lang='lat' dir='ltr'><strong>puni-</strong></span> 
     </span>
     <span class='ocr_line' id='line_1_7' title="bbox 370 861 2426 938; baseline 0.003 -20"><span class='ocrx_word' id='word_1_45' title='bbox 370 871 537 933; x_wconf 91' lang='lat' dir='ltr'><strong>retur,</strong></span> <span class='ocrx_word' id='word_1_46' title='bbox 566 880 684 938; x_wconf 91' lang='lat' dir='ltr'><strong>quo</strong></span> <span class='ocrx_word' id='word_1_47' title='bbox 722 862 966 921; x_wconf 88' lang='lat' dir='ltr'><strong>molliret</strong></span> <span class='ocrx_word' id='word_1_48' title='bbox 1001 861 1291 935; x_wconf 87' lang='lat' dir='ltr'><strong>invidiam,</strong></span> <span class='ocrx_word' id='word_1_49' title='bbox 1331 862 1670 923; x_wconf 88' lang='lat' dir='ltr'><strong>intercessit.</strong></span> <span class='ocrx_word' id='word_1_50' title='bbox 1755 864 1959 924; x_wconf 89' lang='lat' dir='ltr'><strong>Gallus</strong></span> <span class='ocrx_word' id='word_1_51' title='bbox 1986 866 2225 925; x_wconf 91' lang='lat' dir='ltr'><strong>Asinius</strong></span> <span class='ocrx_word' id='word_1_52' title='bbox 2252 886 2369 925; x_wconf 86' lang='lat' dir='ltr'><strong>cum</strong></span> <span class='ocrx_word' id='word_1_53' title='bbox 2393 880 2426 925; x_wconf 75' lang='lat' dir='ltr'><strong>a</strong></span> 
     </span>
     <span class='ocr_line' id='line_1_8' title="bbox 371 959 2370 1041; baseline 0.002 -22"><span class='ocrx_word' id='word_1_54' title='bbox 371 959 568 1037; x_wconf 90' lang='lat' dir='ltr'><strong>Gyaro</strong></span> <span class='ocrx_word' id='word_1_55' title='bbox 610 971 707 1019; x_wconf 92' lang='lat' dir='ltr'><strong>aut</strong></span> <span class='ocrx_word' id='word_1_56' title='bbox 753 959 999 1019; x_wconf 92' lang='lat' dir='ltr'><strong>Donusa</strong></span> <span class='ocrx_word' id='word_1_57' title='bbox 1041 959 1431 1019; x_wconf 91' lang='lat' dir='ltr'><strong>claudendum</strong></span> <span class='ocrx_word' id='word_1_58' title='bbox 1475 965 1752 1033; x_wconf 77' lang='lat' dir='ltr'><strong>censeret,</strong></span> <span class='ocrx_word' id='word_1_59' title='bbox 1795 964 1857 1022; x_wconf 94' lang='lat' dir='ltr'><strong>id</strong></span> <span class='ocrx_word' id='word_1_60' title='bbox 1897 981 2135 1041; x_wconf 94' lang='lat' dir='ltr'><strong>quoque</strong></span> <span class='ocrx_word' id='word_1_61' title='bbox 2178 983 2370 1041; x_wconf 90' lang='lat' dir='ltr'><strong>asper-</strong></span> 
     </span>
     <span class='ocr_line' id='line_1_9' title="bbox 370 1060 2368 1137; baseline 0.002 -21"><span class='ocrx_word' id='word_1_62' title='bbox 370 1070 536 1117; x_wconf 90' lang='lat' dir='ltr'><strong>natus</strong></span> <span class='ocrx_word' id='word_1_63' title='bbox 571 1068 673 1131; x_wconf 91' lang='lat' dir='ltr'><strong>est,</strong></span> <span class='ocrx_word' id='word_1_64' title='bbox 703 1076 949 1134; x_wconf 89' lang='lat' dir='ltr'><strong>egenam</strong></span> <span class='ocrx_word' id='word_1_65' title='bbox 982 1077 1169 1136; x_wconf 93' lang='lat' dir='ltr'><strong>aquae</strong></span> <span class='ocrx_word' id='word_1_66' title='bbox 1206 1068 1511 1137; x_wconf 90' lang='lat' dir='ltr'><strong>utramque</strong></span> <span class='ocrx_word' id='word_1_67' title='bbox 1549 1060 1797 1119; x_wconf 90' lang='lat' dir='ltr'><strong>insulam</strong></span> <span class='ocrx_word' id='word_1_68' title='bbox 1824 1061 2076 1120; x_wconf 89' lang='lat' dir='ltr'><strong>referens</strong></span> <span class='ocrx_word' id='word_1_69' title='bbox 2111 1061 2368 1121; x_wconf 89' lang='lat' dir='ltr'><strong>dandos-</strong></span> 
     </span>
     <span class='ocr_line' id='line_1_10' title="bbox 369 1150 2425 1235; baseline 0.003 -21"><span class='ocrx_word' id='word_1_70' title='bbox 369 1175 482 1233; x_wconf 93' lang='lat' dir='ltr'><strong>que</strong></span> <span class='ocrx_word' id='word_1_71' title='bbox 515 1157 660 1214; x_wconf 89' lang='lat' dir='ltr'><strong>vitae</strong></span> <span class='ocrx_word' id='word_1_72' title='bbox 695 1174 831 1214; x_wconf 91' lang='lat' dir='ltr'><strong>usus</strong></span> <span class='ocrx_word' id='word_1_73' title='bbox 866 1157 956 1215; x_wconf 93' lang='lat' dir='ltr'><strong>cui</strong></span> <span class='ocrx_word' id='word_1_74' title='bbox 988 1156 1101 1215; x_wconf 89' lang='lat' dir='ltr'><strong>vita</strong></span> <span class='ocrx_word' id='word_1_75' title='bbox 1137 1150 1597 1216; x_wconf 70' lang='lat' dir='ltr'><strong>concederetur.&#39;</strong></span> <span class='ocrx_word' id='word_1_76' title='bbox 1654 1160 1733 1216; x_wconf 89' lang='lat' dir='ltr'><strong>ita</strong></span> <span class='ocrx_word' id='word_1_77' title='bbox 1767 1158 2016 1217; x_wconf 90' lang='lat' dir='ltr'><strong>Serenus</strong></span> <span class='ocrx_word' id='word_1_78' title='bbox 2044 1159 2372 1235; x_wconf 88' lang='lat' dir='ltr'><strong>Amorgum</strong></span> <span class='ocrx_word' id='word_1_79' title='bbox 2395 1175 2425 1220; x_wconf 83' lang='lat'><strong>3</strong></span> 
     </span>
    </p>

    <p class='ocr_par' dir='ltr' id='par_1_4' title="bbox 294 1253 2426 1726">
     <span class='ocr_line' id='line_1_11' title="bbox 294 1253 2373 1331; baseline 0.002 -20"><span class='ocrx_word' id='word_1_80' title='bbox 294 1277 353 1311; x_wconf 88' lang='lat'><strong>10</strong></span> <span class='ocrx_word' id='word_1_81' title='bbox 368 1264 695 1331; x_wconf 87' lang='lat' dir='ltr'><strong>reportatur.</strong></span> <span class='ocrx_word' id='word_1_82' title='bbox 778 1264 835 1312; x_wconf 93' lang='lat' dir='ltr'><strong>et</strong></span> <span class='ocrx_word' id='word_1_83' title='bbox 867 1254 1003 1331; x_wconf 93' lang='lat' dir='ltr'><strong>quia</strong></span> <span class='ocrx_word' id='word_1_84' title='bbox 1036 1253 1329 1313; x_wconf 87' lang='lat' dir='ltr'><strong>Cornutus</strong></span> <span class='ocrx_word' id='word_1_85' title='bbox 1363 1273 1467 1314; x_wconf 91' lang='lat' dir='ltr'><strong>sua</strong></span> <span class='ocrx_word' id='word_1_86' title='bbox 1501 1274 1681 1314; x_wconf 89' lang='lat' dir='ltr'><strong>manu</strong></span> <span class='ocrx_word' id='word_1_87' title='bbox 1719 1256 2022 1327; x_wconf 89' lang='lat' dir='ltr'><strong>ceciderat,</strong></span> <span class='ocrx_word' id='word_1_88' title='bbox 2062 1266 2261 1315; x_wconf 89' lang='lat' dir='ltr'><strong>actum</strong></span> <span class='ocrx_word' id='word_1_89' title='bbox 2298 1258 2373 1316; x_wconf 90' lang='lat' dir='ltr'><strong>de</strong></span> 
     </span>
     <span class='ocr_line' id='line_1_12' title="bbox 367 1352 2372 1431; baseline 0.002 -21"><span class='ocrx_word' id='word_1_90' title='bbox 367 1353 635 1428; x_wconf 90' lang='lat' dir='ltr'><strong>praemiis</strong></span> <span class='ocrx_word' id='word_1_91' title='bbox 671 1363 1071 1411; x_wconf 91' lang='lat' dir='ltr'><strong>accusatorum</strong></span> <span class='ocrx_word' id='word_1_92' title='bbox 1105 1352 1423 1424; x_wconf 88' lang='lat' dir='ltr'><strong>abolendis,</strong></span> <span class='ocrx_word' id='word_1_93' title='bbox 1453 1354 1502 1412; x_wconf 92' lang='lat' dir='ltr'><strong>si</strong></span> <span class='ocrx_word' id='word_1_94' title='bbox 1535 1354 1665 1430; x_wconf 92' lang='lat' dir='ltr'><strong>quis</strong></span> <span class='ocrx_word' id='word_1_95' title='bbox 1700 1354 2013 1412; x_wconf 88' lang='lat' dir='ltr'><strong>maiestatis</strong></span> <span class='ocrx_word' id='word_1_96' title='bbox 2047 1355 2372 1431; x_wconf 90' lang='lat' dir='ltr'><strong>postulatus</strong></span> 
     </span>
     <span class='ocr_line' id='line_1_13' title="bbox 368 1450 2426 1531; baseline 0.002 -24"><span class='ocrx_word' id='word_1_97' title='bbox 368 1460 502 1509; x_wconf 91' lang='lat' dir='ltr'><strong>ante</strong></span> <span class='ocrx_word' id='word_1_98' title='bbox 538 1450 856 1527; x_wconf 84' lang='lat' dir='ltr'><strong>perfectum</strong></span> <span class='ocrx_word' id='word_1_99' title='bbox 897 1451 1171 1509; x_wconf 92' lang='lat' dir='ltr'><strong>iudicium</strong></span> <span class='ocrx_word' id='word_1_100' title='bbox 1209 1470 1272 1510; x_wconf 90' lang='lat' dir='ltr'><strong>se</strong></span> <span class='ocrx_word' id='word_1_101' title='bbox 1314 1452 1441 1528; x_wconf 92' lang='lat' dir='ltr'><strong>ipse</strong></span> <span class='ocrx_word' id='word_1_102' title='bbox 1478 1452 1593 1509; x_wconf 91' lang='lat' dir='ltr'><strong>vita</strong></span> <span class='ocrx_word' id='word_1_103' title='bbox 1634 1453 1982 1528; x_wconf 90' lang='lat' dir='ltr'><strong>privavisset.</strong></span> <span class='ocrx_word' id='word_1_104' title='bbox 2065 1453 2370 1531; x_wconf 91' lang='lat' dir='ltr'><strong>ibaturque</strong></span> <span class='ocrx_word' id='word_1_105' title='bbox 2393 1475 2426 1519; x_wconf 81' lang='lat'>4</span> 
     </span>
     <span class='ocr_line' id='line_1_14' title="bbox 367 1548 2372 1628; baseline 0.002 -23"><span class='ocrx_word' id='word_1_106' title='bbox 367 1549 428 1605; x_wconf 92' lang='lat' dir='ltr'><strong>in</strong></span> <span class='ocrx_word' id='word_1_107' title='bbox 464 1566 594 1607; x_wconf 90' lang='lat' dir='ltr'><strong>eam</strong></span> <span class='ocrx_word' id='word_1_108' title='bbox 633 1550 991 1621; x_wconf 87' lang='lat' dir='ltr'><strong>sententiam,</strong></span> <span class='ocrx_word' id='word_1_109' title='bbox 1029 1549 1089 1606; x_wconf 90' lang='lat' dir='ltr'><strong>ni</strong></span> <span class='ocrx_word' id='word_1_110' title='bbox 1122 1548 1316 1607; x_wconf 92' lang='lat' dir='ltr'><strong>durius</strong></span> <span class='ocrx_word' id='word_1_111' title='bbox 1354 1558 1672 1626; x_wconf 90' lang='lat' dir='ltr'><strong>contraque</strong></span> <span class='ocrx_word' id='word_1_112' title='bbox 1708 1567 1935 1609; x_wconf 89' lang='lat' dir='ltr'><strong>morem</strong></span> <span class='ocrx_word' id='word_1_113' title='bbox 1971 1568 2140 1609; x_wconf 91' lang='lat' dir='ltr'><strong>suum</strong></span> <span class='ocrx_word' id='word_1_114' title='bbox 2176 1554 2372 1628; x_wconf 86' lang='lat' dir='ltr'><strong>palam</strong></span> 
     </span>
     <span class='ocr_line' id='line_1_15' title="bbox 365 1646 2371 1726; baseline 0.002 -23"><span class='ocrx_word' id='word_1_115' title='bbox 365 1665 471 1723; x_wconf 94' lang='lat' dir='ltr'><strong>pro</strong></span> <span class='ocrx_word' id='word_1_116' title='bbox 499 1647 925 1706; x_wconf 91' lang='lat' dir='ltr'><strong>accusatoribus</strong></span> <span class='ocrx_word' id='word_1_117' title='bbox 954 1646 1167 1705; x_wconf 90' lang='lat' dir='ltr'><strong>Caesar</strong></span> <span class='ocrx_word' id='word_1_118' title='bbox 1199 1647 1398 1706; x_wconf 91' lang='lat' dir='ltr'><strong>inritas</strong></span> <span class='ocrx_word' id='word_1_119' title='bbox 1433 1647 1608 1724; x_wconf 88' lang='lat' dir='ltr'><strong>leges,</strong></span> <span class='ocrx_word' id='word_1_120' title='bbox 1638 1666 1763 1706; x_wconf 91' lang='lat' dir='ltr'><strong>rem</strong></span> <span class='ocrx_word' id='word_1_121' title='bbox 1790 1648 2085 1723; x_wconf 92' lang='lat' dir='ltr'><strong>publicam</strong></span> <span class='ocrx_word' id='word_1_122' title='bbox 2117 1650 2179 1706; x_wconf 93' lang='lat' dir='ltr'><strong>in</strong></span> <span class='ocrx_word' id='word_1_123' title='bbox 2205 1669 2371 1726; x_wconf 89' lang='lat' dir='ltr'><strong>prae-</strong></span> 
     </span>
    </p>

    <p class='ocr_par' dir='ltr' id='par_1_5' title="bbox 293 1746 2427 2119">
     <span class='ocr_line' id='line_1_16' title="bbox 293 1746 2371 1822; baseline 0 -17"><span class='ocrx_word' id='word_1_124' title='bbox 293 1768 346 1818; x_wconf 86' lang='lat'><strong>15</strong></span> <span class='ocrx_word' id='word_1_125' title='bbox 365 1746 523 1821; x_wconf 91' lang='lat' dir='ltr'><strong>cipiti</strong></span> <span class='ocrx_word' id='word_1_126' title='bbox 564 1755 915 1822; x_wconf 87' lang='lat' dir='ltr'><strong>conquestus</strong></span> <span class='ocrx_word' id='word_1_127' title='bbox 956 1755 1140 1805; x_wconf 89' lang='lat' dir='ltr'><strong>esset:</strong></span> <span class='ocrx_word' id='word_1_128' title='bbox 1185 1746 1579 1803; x_wconf 89' lang='lat' dir='ltr'><strong>subverterent</strong></span> <span class='ocrx_word' id='word_1_129' title='bbox 1620 1746 1814 1821; x_wconf 89' lang='lat' dir='ltr'><strong>potius</strong></span> <span class='ocrx_word' id='word_1_130' title='bbox 1858 1746 1979 1804; x_wconf 91' lang='lat' dir='ltr'><strong>iura</strong></span> <span class='ocrx_word' id='word_1_131' title='bbox 2018 1764 2197 1821; x_wconf 88' lang='lat' dir='ltr'><strong>quam</strong></span> <span class='ocrx_word' id='word_1_132' title='bbox 2236 1765 2371 1806; x_wconf 91' lang='lat' dir='ltr'><strong>cus-</strong></span> 
     </span>
     <span class='ocr_line' id='line_1_17' title="bbox 364 1843 2427 1919; baseline 0 -18"><span class='ocrx_word' id='word_1_133' title='bbox 364 1844 530 1904; x_wconf 93' lang='lat' dir='ltr'><strong>todes</strong></span> <span class='ocrx_word' id='word_1_134' title='bbox 551 1863 753 1903; x_wconf 90' lang='lat' dir='ltr'><strong>eorum</strong></span> <span class='ocrx_word' id='word_1_135' title='bbox 775 1853 1121 1902; x_wconf 88' lang='lat' dir='ltr'><strong>amoverent.</strong></span> <span class='ocrx_word' id='word_1_136' title='bbox 1165 1843 1244 1901; x_wconf 93' lang='lat' dir='ltr'><strong>sic</strong></span> <span class='ocrx_word' id='word_1_137' title='bbox 1266 1843 1568 1914; x_wconf 79' lang='lat' dir='ltr'><strong>delatoreS,</strong></span> <span class='ocrx_word' id='word_1_138' title='bbox 1592 1860 1779 1918; x_wconf 88' lang='lat' dir='ltr'><strong>genus</strong></span> <span class='ocrx_word' id='word_1_139' title='bbox 1802 1843 2104 1901; x_wconf 89' lang='lat' dir='ltr'><strong>hominum</strong></span> <span class='ocrx_word' id='word_1_140' title='bbox 2136 1845 2369 1919; x_wconf 90' lang='lat' dir='ltr'><strong>publico</strong></span> <span class='ocrx_word' id='word_1_141' title='bbox 2395 1869 2427 1914; x_wconf 88' lang='lat'>5</span> 
     </span>
     <span class='ocr_line' id='line_1_18' title="bbox 365 1940 2369 2021; baseline -0.001 -20"><span class='ocrx_word' id='word_1_142' title='bbox 365 1943 541 2001; x_wconf 88' lang='lat' dir='ltr'><strong>exitio</strong></span> <span class='ocrx_word' id='word_1_143' title='bbox 566 1953 855 2021; x_wconf 91' lang='lat' dir='ltr'><strong>repertum</strong></span> <span class='ocrx_word' id='word_1_144' title='bbox 882 1952 939 2002; x_wconf 89' lang='lat' dir='ltr'><strong>et</strong></span> <span class='ocrx_word' id='word_1_145' title='bbox 966 1962 1031 2001; x_wconf 86' lang='lat' dir='ltr'><strong>ne</strong></span> <span class='ocrx_word' id='word_1_146' title='bbox 1056 1941 1262 2019; x_wconf 88' lang='lat' dir='ltr'><strong>poenis</strong></span> <span class='ocrx_word' id='word_1_147' title='bbox 1289 1940 1527 2017; x_wconf 88' lang='lat' dir='ltr'><strong>quidem</strong></span> <span class='ocrx_word' id='word_1_148' title='bbox 1554 1958 1835 2019; x_wconf 91' lang='lat' dir='ltr'><strong>umquam</strong></span> <span class='ocrx_word' id='word_1_149' title='bbox 1865 1940 2002 2000; x_wconf 91' lang='lat' dir='ltr'><strong>satis</strong></span> <span class='ocrx_word' id='word_1_150' title='bbox 2030 1942 2369 2014; x_wconf 91' lang='lat' dir='ltr'><strong>coercitum,</strong></span> 
     </span>
     <span class='ocr_line' id='line_1_19' title="bbox 364 2042 1157 2119; baseline -0.001 -19"><span class='ocrx_word' id='word_1_151' title='bbox 364 2061 466 2118; x_wconf 91' lang='lat' dir='ltr'><strong>per</strong></span> <span class='ocrx_word' id='word_1_152' title='bbox 491 2043 747 2119; x_wconf 92' lang='lat' dir='ltr'><strong>praemia</strong></span> <span class='ocrx_word' id='word_1_153' title='bbox 774 2042 1157 2101; x_wconf 91' lang='lat' dir='ltr'><strong>eliciebantur.</strong></span> 
     </span>
    </p>

    <p class='ocr_par' dir='ltr' id='par_1_6' title="bbox 286 2138 2436 3589">
     <span class='ocr_line' id='line_1_20' title="bbox 444 2138 2370 2215; baseline -0.002 -15"><span class='ocrx_word' id='word_1_154' title='bbox 444 2146 533 2200; x_wconf 83' lang='lat'><strong>31.</strong></span> <span class='ocrx_word' id='word_1_155' title='bbox 582 2139 695 2200; x_wconf 92' lang='lat' dir='ltr'><strong>His</strong></span> <span class='ocrx_word' id='word_1_156' title='bbox 736 2150 856 2198; x_wconf 90' lang='lat' dir='ltr'><strong>tam</strong></span> <span class='ocrx_word' id='word_1_157' title='bbox 897 2139 1151 2199; x_wconf 91' lang='lat' dir='ltr'><strong>adsiduis</strong></span> <span class='ocrx_word' id='word_1_158' title='bbox 1190 2149 1427 2215; x_wconf 91' lang='lat' dir='ltr'><strong>tamque</strong></span> <span class='ocrx_word' id='word_1_159' title='bbox 1467 2138 1703 2199; x_wconf 89' lang='lat' dir='ltr'><strong>maestis</strong></span> <span class='ocrx_word' id='word_1_160' title='bbox 1745 2139 1978 2211; x_wconf 78' lang='lat' dir='ltr'><strong>modica</strong></span> <span class='ocrx_word' id='word_1_161' title='bbox 2025 2139 2239 2198; x_wconf 90' lang='lat' dir='ltr'><strong>laetitia</strong></span> <span class='ocrx_word' id='word_1_162' title='bbox 2282 2141 2370 2197; x_wconf 90' lang='lat' dir='ltr'><strong>in-</strong></span> 
     </span>
     <span class='ocr_line' id='line_1_21' title="bbox 287 2237 2369 2315; baseline 0 -20"><span class='ocrx_word' id='word_1_163' title='bbox 287 2261 347 2295; x_wconf 81' lang='lat'><strong>20</strong></span> <span class='ocrx_word' id='word_1_164' title='bbox 360 2239 625 2310; x_wconf 90' lang='lat' dir='ltr'><strong>tericitur,</strong></span> <span class='ocrx_word' id='word_1_165' title='bbox 652 2238 812 2315; x_wconf 93' lang='lat' dir='ltr'><strong>quod</strong></span> <span class='ocrx_word' id='word_1_166' title='bbox 840 2238 909 2297; x_wconf 89' lang='lat' dir='ltr'><strong>C.</strong></span> <span class='ocrx_word' id='word_1_167' title='bbox 938 2237 1274 2297; x_wconf 88' lang='lat' dir='ltr'><strong>Cominium</strong></span> <span class='ocrx_word' id='word_1_168' title='bbox 1311 2239 1563 2315; x_wconf 90' lang='lat' dir='ltr'><strong>equitem</strong></span> <span class='ocrx_word' id='word_1_169' title='bbox 1607 2237 1963 2310; x_wconf 88' lang='lat' dir='ltr'><strong>Romanum,</strong></span> <span class='ocrx_word' id='word_1_170' title='bbox 1991 2238 2261 2314; x_wconf 91' lang='lat' dir='ltr'><strong>probrosi</strong></span> <span class='ocrx_word' id='word_1_171' title='bbox 2308 2238 2369 2295; x_wconf 93' lang='lat' dir='ltr'><strong>in</strong></span> 
     </span>
     <span class='ocr_line' id='line_1_22' title="bbox 364 2334 2372 2412; baseline -0.001 -17"><span class='ocrx_word' id='word_1_172' title='bbox 364 2354 425 2395; x_wconf 90' lang='lat' dir='ltr'><strong>se</strong></span> <span class='ocrx_word' id='word_1_173' title='bbox 469 2336 739 2395; x_wconf 89' lang='lat' dir='ltr'><strong>carminis</strong></span> <span class='ocrx_word' id='word_1_174' title='bbox 781 2336 1124 2406; x_wconf 89' lang='lat' dir='ltr'><strong>convictum,</strong></span> <span class='ocrx_word' id='word_1_175' title='bbox 1169 2334 1389 2394; x_wconf 89' lang='lat' dir='ltr'><strong>Caesar</strong></span> <span class='ocrx_word' id='word_1_176' title='bbox 1434 2336 1702 2412; x_wconf 91' lang='lat' dir='ltr'><strong>precibus</strong></span> <span class='ocrx_word' id='word_1_177' title='bbox 1744 2335 1944 2406; x_wconf 91' lang='lat' dir='ltr'><strong>fratris,</strong></span> <span class='ocrx_word' id='word_1_178' title='bbox 1988 2336 2087 2410; x_wconf 93' lang='lat' dir='ltr'><strong>qui</strong></span> <span class='ocrx_word' id='word_1_179' title='bbox 2137 2346 2372 2395; x_wconf 88' lang='lat' dir='ltr'><strong>senator</strong></span> 
     </span>
     <span class='ocr_line' id='line_1_23' title="bbox 362 2433 2432 2509; baseline 0 -17"><span class='ocrx_word' id='word_1_180' title='bbox 362 2444 498 2505; x_wconf 92' lang='lat' dir='ltr'><strong>erat,</strong></span> <span class='ocrx_word' id='word_1_181' title='bbox 527 2434 828 2493; x_wconf 89' lang='lat' dir='ltr'><strong>concessit.</strong></span> <span class='ocrx_word' id='word_1_182' title='bbox 913 2451 1030 2509; x_wconf 93' lang='lat' dir='ltr'><strong>quo</strong></span> <span class='ocrx_word' id='word_1_183' title='bbox 1059 2433 1247 2509; x_wconf 89' lang='lat' dir='ltr'><strong>magis</strong></span> <span class='ocrx_word' id='word_1_184' title='bbox 1276 2434 1489 2490; x_wconf 89' lang='lat' dir='ltr'><strong>mirum</strong></span> <span class='ocrx_word' id='word_1_185' title='bbox 1517 2433 1835 2491; x_wconf 88' lang='lat' dir='ltr'><strong>habebatur</strong></span> <span class='ocrx_word' id='word_1_186' title='bbox 1876 2451 2124 2509; x_wconf 90' lang='lat' dir='ltr'><strong>gnarum</strong></span> <span class='ocrx_word' id='word_1_187' title='bbox 2166 2434 2372 2493; x_wconf 91' lang='lat' dir='ltr'><strong>melio·</strong></span> <span class='ocrx_word' id='word_1_188' title='bbox 2398 2454 2432 2499; x_wconf 77' lang='lat'><strong>2</strong></span> 
     </span>
     <span class='ocr_line' id='line_1_24' title="bbox 362 2530 2372 2607; baseline 0 -18"><span class='ocrx_word' id='word_1_189' title='bbox 362 2550 506 2604; x_wconf 90' lang='lat' dir='ltr'><strong>rum,</strong></span> <span class='ocrx_word' id='word_1_190' title='bbox 557 2542 615 2591; x_wconf 93' lang='lat' dir='ltr'><strong>et</strong></span> <span class='ocrx_word' id='word_1_191' title='bbox 669 2549 815 2607; x_wconf 91' lang='lat' dir='ltr'><strong>quae</strong></span> <span class='ocrx_word' id='word_1_192' title='bbox 859 2530 1013 2589; x_wconf 91' lang='lat' dir='ltr'><strong>fama</strong></span> <span class='ocrx_word' id='word_1_193' title='bbox 1068 2530 1434 2589; x_wconf 90' lang='lat' dir='ltr'><strong>clementiam</strong></span> <span class='ocrx_word' id='word_1_194' title='bbox 1484 2539 1833 2607; x_wconf 90' lang='lat' dir='ltr'><strong>sequeretur,</strong></span> <span class='ocrx_word' id='word_1_195' title='bbox 1878 2531 2129 2589; x_wconf 88' lang='lat' dir='ltr'><strong>tristiora</strong></span> <span class='ocrx_word' id='word_1_196' title='bbox 2180 2532 2372 2592; x_wconf 86' lang='lat' dir='ltr'><strong>malle.</strong></span> 
     </span>
     <span class='ocr_line' id='line_1_25' title="bbox 362 2628 2433 2707; baseline 0 -19"><span class='ocrx_word' id='word_1_197' title='bbox 362 2648 551 2707; x_wconf 91' lang='lat' dir='ltr'><strong>neque</strong></span> <span class='ocrx_word' id='word_1_198' title='bbox 596 2630 751 2689; x_wconf 89' lang='lat' dir='ltr'><strong>enim</strong></span> <span class='ocrx_word' id='word_1_199' title='bbox 800 2629 1086 2688; x_wconf 78' lang='lat' dir='ltr'><strong>socordia</strong></span> <span class='ocrx_word' id='word_1_200' title='bbox 1111 2630 1396 2705; x_wconf 91' lang='lat' dir='ltr'><strong>peccabat</strong></span> <span class='ocrx_word' id='word_1_201' title='bbox 1410 2648 1427 2700; x_wconf 89' lang='lat'>;</span> <span class='ocrx_word' id='word_1_202' title='bbox 1488 2646 1598 2687; x_wconf 91' lang='lat' dir='ltr'><strong>nec</strong></span> <span class='ocrx_word' id='word_1_203' title='bbox 1647 2628 1938 2687; x_wconf 87' lang='lat' dir='ltr'><strong>occultum</strong></span> <span class='ocrx_word' id='word_1_204' title='bbox 1987 2639 2091 2700; x_wconf 92' lang='lat' dir='ltr'><strong>est,</strong></span> <span class='ocrx_word' id='word_1_205' title='bbox 2135 2632 2375 2705; x_wconf 91' lang='lat' dir='ltr'><strong>quando</strong></span> <span class='ocrx_word' id='word_1_206' title='bbox 2399 2650 2433 2696; x_wconf 79' lang='lat'><em>8</em></span> 
     </span>
     <span class='ocr_line' id='line_1_26' title="bbox 286 2725 2376 2807; baseline -0 -20"><span class='ocrx_word' id='word_1_207' title='bbox 286 2752 343 2807; x_wconf 77' lang='lat'><strong>²5</strong></span> <span class='ocrx_word' id='word_1_208' title='bbox 363 2747 436 2787; x_wconf 83' lang='lat' dir='ltr'><strong>ex</strong></span> <span class='ocrx_word' id='word_1_209' title='bbox 492 2729 744 2801; x_wconf 89' lang='lat' dir='ltr'><strong>veritate,</strong></span> <span class='ocrx_word' id='word_1_210' title='bbox 801 2728 1038 2804; x_wconf 91' lang='lat' dir='ltr'><strong>quando</strong></span> <span class='ocrx_word' id='word_1_211' title='bbox 1093 2727 1434 2786; x_wconf 91' lang='lat' dir='ltr'><strong>adumbrata</strong></span> <span class='ocrx_word' id='word_1_212' title='bbox 1487 2726 1699 2785; x_wconf 88' lang='lat' dir='ltr'><strong>laetitia</strong></span> <span class='ocrx_word' id='word_1_213' title='bbox 1753 2725 1905 2784; x_wconf 88' lang='lat' dir='ltr'><strong>facta</strong></span> <span class='ocrx_word' id='word_1_214' title='bbox 1959 2727 2376 2803; x_wconf 89' lang='lat' dir='ltr'><strong>imperatorum</strong></span> 
     </span>
     <span class='ocr_line' id='line_1_27' title="bbox 362 2824 2436 2903; baseline -0.001 -18"><span class='ocrx_word' id='word_1_215' title='bbox 362 2828 729 2886; x_wconf 88' lang='lat' dir='ltr'><strong>celebrentur.</strong></span> <span class='ocrx_word' id='word_1_216' title='bbox 814 2827 956 2903; x_wconf 90' lang='lat' dir='ltr'><strong>quin</strong></span> <span class='ocrx_word' id='word_1_217' title='bbox 988 2827 1131 2903; x_wconf 91' lang='lat' dir='ltr'><strong>ipse,</strong></span> <span class='ocrx_word' id='word_1_218' title='bbox 1170 2826 1512 2902; x_wconf 87' lang='lat' dir='ltr'><strong>conpositus</strong></span> <span class='ocrx_word' id='word_1_219' title='bbox 1554 2824 1693 2883; x_wconf 91' lang='lat' dir='ltr'><strong>alias</strong></span> <span class='ocrx_word' id='word_1_220' title='bbox 1731 2833 1788 2883; x_wconf 93' lang='lat' dir='ltr'><strong>et</strong></span> <span class='ocrx_word' id='word_1_221' title='bbox 1814 2824 1965 2883; x_wconf 88' lang='lat' dir='ltr'><strong>velut</strong></span> <span class='ocrx_word' id='word_1_222' title='bbox 1997 2824 2375 2884; x_wconf 88' lang='lat' dir='ltr'><strong>eluctantium</strong></span> <span class='ocrx_word' id='word_1_223' title='bbox 2397 2844 2436 2890; x_wconf 77' lang='lat'>4</span> 
     </span>
     <span class='ocr_line' id='line_1_28' title="bbox 362 2923 2374 3002; baseline -0 -19"><span class='ocrx_word' id='word_1_224' title='bbox 362 2928 683 2997; x_wconf 90' lang='lat' dir='ltr'><strong>verborum,</strong></span> <span class='ocrx_word' id='word_1_225' title='bbox 728 2926 967 2985; x_wconf 91' lang='lat' dir='ltr'><strong>solutius</strong></span> <span class='ocrx_word' id='word_1_226' title='bbox 1006 2925 1448 3002; x_wconf 89' lang='lat' dir='ltr'><strong>promptiusque</strong></span> <span class='ocrx_word' id='word_1_227' title='bbox 1491 2923 1885 3001; x_wconf 89' lang='lat' dir='ltr'><strong>eloquebatur,</strong></span> <span class='ocrx_word' id='word_1_228' title='bbox 1921 2923 2193 2999; x_wconf 92' lang='lat' dir='ltr'><strong>quotiens</strong></span> <span class='ocrx_word' id='word_1_229' title='bbox 2213 3000 2216 3001; x_wconf 15' lang='lat'><em>⁷</em></span> <span class='ocrx_word' id='word_1_230' title='bbox 2235 2926 2374 2983; x_wconf 91' lang='lat' dir='ltr'><strong>sub-</strong></span> 
     </span>
     <span class='ocr_line' id='line_1_29' title="bbox 363 3020 2433 3099; baseline -0 -18"><span class='ocrx_word' id='word_1_231' title='bbox 363 3024 592 3083; x_wconf 90' lang='lat' dir='ltr'><strong>veniret.</strong></span> <span class='ocrx_word' id='word_1_232' title='bbox 651 3034 711 3082; x_wconf 91' lang='lat' dir='ltr'><strong>at</strong></span> <span class='ocrx_word' id='word_1_233' title='bbox 738 3023 801 3082; x_wconf 92' lang='lat' dir='ltr'><strong>P.</strong></span> <span class='ocrx_word' id='word_1_234' title='bbox 832 3023 1092 3081; x_wconf 91' lang='lat' dir='ltr'><strong>Suillium</strong></span> <span class='ocrx_word' id='word_1_235' title='bbox 1126 3033 1495 3099; x_wconf 88' lang='lat' dir='ltr'><strong>quaestorem</strong></span> <span class='ocrx_word' id='word_1_236' title='bbox 1523 3021 1823 3098; x_wconf 92' lang='lat' dir='ltr'><strong>quondam</strong></span> <span class='ocrx_word' id='word_1_237' title='bbox 1852 3020 2205 3093; x_wconf 90' lang='lat' dir='ltr'><strong>Germanici,</strong></span> <span class='ocrx_word' id='word_1_238' title='bbox 2237 3040 2371 3080; x_wconf 93' lang='lat' dir='ltr'><strong>cum</strong></span> <span class='ocrx_word' id='word_1_239' title='bbox 2397 3039 2433 3086; x_wconf 84' lang='lat'><strong>5</strong></span> 
     </span>
     <span class='ocr_line' id='line_1_30' title="bbox 363 3118 2373 3197; baseline -0 -18"><span class='ocrx_word' id='word_1_240' title='bbox 363 3122 528 3181; x_wconf 90' lang='lat' dir='ltr'><strong>Italia</strong></span> <span class='ocrx_word' id='word_1_241' title='bbox 564 3131 850 3181; x_wconf 91' lang='lat' dir='ltr'><strong>arceretur</strong></span> <span class='ocrx_word' id='word_1_242' title='bbox 892 3121 1188 3181; x_wconf 90' lang='lat' dir='ltr'><strong>convictus</strong></span> <span class='ocrx_word' id='word_1_243' title='bbox 1221 3121 1531 3197; x_wconf 91' lang='lat' dir='ltr'><strong>pecuniam</strong></span> <span class='ocrx_word' id='word_1_244' title='bbox 1573 3120 1652 3178; x_wconf 93' lang='lat' dir='ltr'><strong>ob</strong></span> <span class='ocrx_word' id='word_1_245' title='bbox 1694 3137 1819 3177; x_wconf 90' lang='lat' dir='ltr'><strong>rem</strong></span> <span class='ocrx_word' id='word_1_246' title='bbox 1861 3118 2233 3176; x_wconf 90' lang='lat' dir='ltr'><strong>iudicandam</strong></span> <span class='ocrx_word' id='word_1_247' title='bbox 2277 3138 2373 3178; x_wconf 91' lang='lat' dir='ltr'><strong>ce-</strong></span> 
     </span>
     <span class='ocr_line' id='line_1_31' title="bbox 286 3218 2372 3302; baseline 0 -25"><span class='ocrx_word' id='word_1_248' title='bbox 286 3242 349 3290; x_wconf 82' lang='lat'><strong>30</strong></span> <span class='ocrx_word' id='word_1_249' title='bbox 364 3221 536 3296; x_wconf 88' lang='lat' dir='ltr'><strong>pisse,</strong></span> <span class='ocrx_word' id='word_1_250' title='bbox 593 3219 984 3279; x_wconf 88' lang='lat' dir='ltr'><strong>amovendum</strong></span> <span class='ocrx_word' id='word_1_251' title='bbox 1040 3219 1100 3277; x_wconf 90' lang='lat' dir='ltr'><strong>in</strong></span> <span class='ocrx_word' id='word_1_252' title='bbox 1165 3218 1415 3277; x_wconf 89' lang='lat' dir='ltr'><strong>insulam</strong></span> <span class='ocrx_word' id='word_1_253' title='bbox 1472 3218 1713 3289; x_wconf 91' lang='lat' dir='ltr'><strong>censuit,</strong></span> <span class='ocrx_word' id='word_1_254' title='bbox 1773 3226 1933 3302; x_wconf 84' lang='lat' dir='ltr'><strong>tanta</strong></span> <span class='ocrx_word' id='word_1_255' title='bbox 1996 3218 2372 3277; x_wconf 88' lang='lat' dir='ltr'><strong>contentione</strong></span> 
     </span>
     <span class='ocr_line' id='line_1_32' title="bbox 363 3316 2432 3394; baseline -0 -17"><span class='ocrx_word' id='word_1_256' title='bbox 363 3319 558 3390; x_wconf 88' lang='lat' dir='ltr'><strong>animi,</strong></span> <span class='ocrx_word' id='word_1_257' title='bbox 587 3330 650 3376; x_wconf 94' lang='lat' dir='ltr'><strong>ut</strong></span> <span class='ocrx_word' id='word_1_258' title='bbox 678 3319 798 3377; x_wconf 90' lang='lat' dir='ltr'><strong>iure</strong></span> <span class='ocrx_word' id='word_1_259' title='bbox 825 3317 1065 3377; x_wconf 88' lang='lat' dir='ltr'><strong>iurando</strong></span> <span class='ocrx_word' id='word_1_260' title='bbox 1094 3317 1480 3392; x_wconf 82' lang='lat' dir='ltr'><strong>obstringeret</strong></span> <span class='ocrx_word' id='word_1_261' title='bbox 1507 3336 1541 3375; x_wconf 91' lang='lat' dir='ltr'><strong>e</strong></span> <span class='ocrx_word' id='word_1_262' title='bbox 1567 3335 1629 3375; x_wconf 91' lang='lat' dir='ltr'><strong>re</strong></span> <span class='ocrx_word' id='word_1_263' title='bbox 1659 3316 1893 3394; x_wconf 92' lang='lat' dir='ltr'><strong>publica</strong></span> <span class='ocrx_word' id='word_1_264' title='bbox 1920 3316 1982 3373; x_wconf 94' lang='lat' dir='ltr'><strong>id</strong></span> <span class='ocrx_word' id='word_1_265' title='bbox 2009 3333 2157 3373; x_wconf 91' lang='lat' dir='ltr'><strong>esse.</strong></span> <span class='ocrx_word' id='word_1_266' title='bbox 2207 3316 2371 3392; x_wconf 92' lang='lat' dir='ltr'><strong>quod</strong></span> <span class='ocrx_word' id='word_1_267' title='bbox 2393 3330 2432 3376; x_wconf 82' lang='lat'><strong>6</strong></span> 
     </span>
     <span class='ocr_line' id='line_1_33' title="bbox 364 3413 2372 3493; baseline -0.001 -19"><span class='ocrx_word' id='word_1_268' title='bbox 364 3434 567 3493; x_wconf 91' lang='lat' dir='ltr'><strong>aspere</strong></span> <span class='ocrx_word' id='word_1_269' title='bbox 595 3426 901 3491; x_wconf 90' lang='lat' dir='ltr'><strong>acceptum</strong></span> <span class='ocrx_word' id='word_1_270' title='bbox 929 3414 1003 3473; x_wconf 91' lang='lat' dir='ltr'><strong>ad</strong></span> <span class='ocrx_word' id='word_1_271' title='bbox 1032 3433 1310 3491; x_wconf 89' lang='lat' dir='ltr'><strong>praesens</strong></span> <span class='ocrx_word' id='word_1_272' title='bbox 1349 3433 1488 3473; x_wconf 86' lang='lat' dir='ltr'><strong>mox</strong></span> <span class='ocrx_word' id='word_1_273' title='bbox 1530 3415 1590 3471; x_wconf 93' lang='lat' dir='ltr'><strong>in</strong></span> <span class='ocrx_word' id='word_1_274' title='bbox 1635 3413 1868 3472; x_wconf 92' lang='lat' dir='ltr'><strong>laudem</strong></span> <span class='ocrx_word' id='word_1_275' title='bbox 1897 3413 2062 3471; x_wconf 88' lang='lat' dir='ltr'><strong>vertit</strong></span> <span class='ocrx_word' id='word_1_276' title='bbox 2103 3430 2372 3489; x_wconf 88' lang='lat' dir='ltr'><strong>regresso</strong></span> 
     </span>
     <span class='ocr_line' id='line_1_34' title="bbox 299 3510 2370 3589; baseline -0.003 -14"><span class='ocrx_word' id='word_1_277' title='bbox 299 3564 309 3575; x_wconf 74' lang='grc'>,</span> <span class='ocrx_word' id='word_1_278' title='bbox 368 3513 566 3572; x_wconf 92' lang='lat' dir='ltr'><strong>Suillio</strong></span> <span class='ocrx_word' id='word_1_279' title='bbox 581 3532 597 3583; x_wconf 87' lang='lat'>;</span> <span class='ocrx_word' id='word_1_280' title='bbox 641 3530 816 3588; x_wconf 90' lang='lat' dir='ltr'><strong>quem</strong></span> <span class='ocrx_word' id='word_1_281' title='bbox 854 3513 991 3571; x_wconf 90' lang='lat' dir='ltr'><strong>vidit</strong></span> <span class='ocrx_word' id='word_1_282' title='bbox 1035 3529 1283 3589; x_wconf 89' lang='lat' dir='ltr'><strong>sequens</strong></span> <span class='ocrx_word' id='word_1_283' title='bbox 1316 3521 1475 3570; x_wconf 90' lang='lat' dir='ltr'><strong>aetas</strong></span> <span class='ocrx_word' id='word_1_284' title='bbox 1512 3520 1971 3588; x_wconf 89' lang='lat' dir='ltr'><strong>praepotentem,</strong></span> <span class='ocrx_word' id='word_1_285' title='bbox 2005 3510 2268 3568; x_wconf 89' lang='lat' dir='ltr'><strong>venalem</strong></span> <span class='ocrx_word' id='word_1_286' title='bbox 2311 3520 2370 3569; x_wconf 91' lang='lat' dir='ltr'><strong>et</strong></span> 
     </span>
    </p>
   </div>
  </div>
 </body>
</html>
