2594 3925
367 199 443 272 76
811 203 1175 255 CORNELII
1216 204 1308 253 TA
1319 204 1481 254 σιτ]
1512 204 1931 254 ANNALJUM
2004 192 2084 275 [n
2095 213 2213 256 uc.
2251 204 2370 267 768.

363 379 492 420 rum
548 362 717 421 ducit.
798 361 925 437 ipse
978 359 1264 436 inpositas
1320 360 1561 419 navibus
1619 369 1887 437 quattuor
1940 360 2200 436 legiones
2259 379 2374 437 per
2397 373 2431 417 3

364 460 522 520 lacus
562 461 749 533 vexit3
799 459 1079 535 simulque
1121 458 1305 534 pedes
1347 476 1526 534 eques
1568 458 1767 518 classis
1809 458 1967 535 apud
2007 458 2374 534 praedictum

364 576 596 617 amnem
620 575 954 617 convenere.
1037 555 1256 615 Chauci
1286 574 1421 615 cum
1447 556 1655 615 auxilia
1681 556 2098 632 pollicerentur,
2117 556 2176 614 in
2205 574 2373 614 com-

363 656 625 742 militium
672 656 872 716 adsciti
917 664 1063 715 sunt.
1148 654 1456 714 Bructeros
1504 673 1608 713 sua
1652 656 1867 714 urentis
1889 648 2183 730 'expedita
2233 672 2376 712 cum
2400 665 2437 710 4

312 778 338 826 5
363 740 540 813 manu
573 754 641 814 L.
672 753 968 813 Stertinius
997 754 1179 813 missu
1196 752 1530 813 Germanici
1544 752 1728 826 fudit3
1771 755 2027 830 interque
2046 752 2290 812 caedem
2314 762 2378 810 et

363 853 639 928 praedam
665 855 914 930 repperit
948 851 1450 917 undevicensimae
1484 851 1730 927 legionis
1765 852 2015 929 aquilam
2044 869 2177 909 cum
2207 849 2375 908 Varo

363 951 652 1009 amissam.
755 951 989 1009 ductum
1052 950 1190 1008 inde
1256 967 1472 1025 agmen
1526 948 1602 1008 ad
1654 950 1887 1009 ultimos
1941 948 2374 1017 Bructerorum,
2403 961 2437 1005 5

364 1058 755 1126 quantumque
786 1048 1068 1106 Amisiam
1104 1057 1161 1106 et
1188 1046 1438 1122 Lupiam
1466 1065 1671 1106 amnes
1707 1049 1855 1129 inter
1882 1056 2179 1116 vastatum,
2210 1045 2376 1105 haud

362 1147 565 1223 procul
581 1145 1064 1221 Teutoburgiensi
1084 1144 1245 1216 saltu,
1267 1147 1328 1203 in
1352 1163 1468 1223 quo
1497 1130 1767 1224 reliquiae
1787 1144 1927 1204 Vari
1955 1145 2375 1222 legionumque

289 1269 348 1304 10
363 1244 680 1320 insepultae
709 1244 1058 1303 dicebantur.
2081 1292 2084 1301 .

446 1349 540 1401 61.
584 1341 762 1417 Igitur
831 1342 1043 1420 cupido
1100 1341 1412 1403 Caesarem
1481 1343 1698 1402 invadit
1768 1342 2024 1403 solvendi
2098 1359 2374 1419 suprema

366 1439 633 1498 militibus
661 1438 921 1516 ducique,
950 1450 1216 1518 permoto
1260 1441 1336 1499 ad
1372 1441 1800 1500 miserationem
1838 1442 2001 1500 omni
2034 1442 2131 1517 qui
2169 1439 2375 1499 aderat

366 1538 617 1598 exercitu
659 1538 737 1595 ob
782 1539 1156 1615 propinquOS,
1188 1541 1429 1609 amicOS,
1460 1540 1710 1616 denique
1753 1540 1831 1598 ob
1874 1557 2042 1598 casus
2082 1538 2372 1597 bellorum

365 1646 423 1696 et
451 1645 665 1696 sortem
700 1634 1022 1698 hominum.
1103 1638 1424 1715 praemisso
1455 1637 1727 1709 Caecina,
1755 1646 1819 1695 ut
1856 1637 2081 1696 occulta
2118 1635 2372 1694 saltuum
2401 1648 2436 1692 2

292 1762 344 1809 15
367 1744 708 1795 scrutaretur
752 1744 1074 1812 pontesque
1114 1745 1172 1794 et
1205 1754 1445 1812 aggeres
1485 1737 1689 1795 umido
1730 1736 2006 1812 paludum
2047 1744 2106 1792 et
2146 1733 2368 1793 fallaci-

364 1836 476 1893 bus
519 1833 740 1910 campis
794 1833 1115 1909 inponeret,
1160 1820 1437 1893 incedunt
1479 1843 1734 1894 maestos
1789 1834 1956 1915 1039}
1999 1833 2240 1908 visuque
2298 1849 2369 1890 ac

364 1931 643 1991 memoria
673 1931 958 1993 deformis.
1040 1932 1225 2008 prima
1252 1931 1393 1991 Vari
1436 1942 1621 1992 castra
1654 1933 1773 1992 lato
1802 1932 2021 1991 ambitu
2055 1940 2111 2009 et
2139 1930 2371 1989 dimen-
2399 1944 2434 1991 8

365 2032 445 2091 sis
484 2031 776 2114 principiis
807 2031 976 2089 trium
1009 2031 1306 2107 legionum
1332 2050 1543 2091 manus
1583 2033 1950 2091 ostentabant
1964 2050 1981 2103 3
2025 2030 2159 2088 dein
2194 2030 2370 2088 semi-

364 2140 494 2189 ruto
549 2130 716 2201 vallo,
772 2129 970 2188 humili
1035 2129 1191 2190 fossa
1246 2130 1471 2189 accisae
1526 2130 1644 2188 iam
1699 2129 1972 2206 reliquiae
2028 2126 2369 2187 consedisse

290 2252 350 2289 20
366 2228 873 2304 intellegebantur:
916 2228 1108 2287 medio
1158 2229 1351 2305 campi
1399 2229 1650 2287 albentia
1691 2245 1841 2299 ossa,
1884 2236 1948 2286 ut
1981 2226 2260 2302 fugerant,
2303 2235 2370 2284 ut

365 2327 700 2398 restiterant,
722 2326 958 2386 disiecta
973 2326 1063 2384 vel
1081 2335 1373 2402 aggerata.
1454 2327 1801 2386 adiacebant
1821 2326 2104 2401 fragmina
2119 2323 2367 2382 telorum
2394 2335 2436 2380 4

366 2443 760 2502 equorumque
798 2433 966 2496 artus,
998 2426 1165 2483 simul
1191 2425 1408 2485 truncis
1441 2426 1716 2483 arborum
1744 2424 1994 2482 antefixa
2020 2441 2140 2482 ora.
2224 2421 2369 2480 lucis
2396 2434 2433 2479 5

366 2523 701 2601 propinquis
742 2524 1014 2582 barbarae
1053 2542 1204 2596 arae,
1248 2524 1404 2600 apud
1447 2542 1590 2601 quas
1630 2524 1893 2582 tribunos
1943 2539 2010 2580 ac
2051 2521 2368 2596 primorum

367 2622 637 2680 ordinum
671 2622 1033 2680 centuriones
1070 2631 1475 2682 mactaverant.
1558 2632 1616 2681 et
1649 2620 1827 2681 cladis
1862 2620 1982 2679 eius
2017 2616 2366 2695 superstiteS,
2392 2628 2434 2673 6

292 2744 347 2793 ²5
366 2737 627 2797 pugnam
667 2728 763 2778 aut
805 2720 1027 2780 vincula
1073 2720 1269 2798 elapsi,
1312 2721 1634 2780 referebant
1674 2720 1765 2778 hic
1808 2718 2084 2779 cecidisse
2125 2717 2366 2794 legatOS,

365 2818 478 2877 illic
518 2826 710 2897 raptas
750 2817 1003 2895 aquilas;
1063 2819 1314 2895 primum
1352 2820 1453 2877 ubi
1492 2820 1697 2878 vulnus
1738 2817 1899 2876 Varo
1941 2816 2226 2885 adactum,
2266 2816 2369 2874 ubi

368 2916 577 2976 infelici
617 2917 850 2975 dextera
891 2926 948 2975 et
990 2934 1094 2975 suo
1134 2918 1252 2976 ictu
1291 2928 1541 2976 mortem
1583 2916 1897 2991 imus&
1941 2931 2060 2991 quo
2100 2913 2367 2972 tribunali

368 3015 732 3075 contionatus
782 3015 1089 3086 Arminius,
1133 3026 1275 3092 quot
1317 3016 1570 3094 patibula
1620 3014 1873 3091 captiviS,
1916 3030 2064 3089 quae
2114 3012 2366 3084 scrobes,

367 3125 543 3192 utque
573 3113 753 3190 signis
780 3122 837 3172 et
862 3114 1064 3190 aquilis
1093 3133 1195 3191 per
1223 3115 1548 3193 superbiam
1576 3113 1846 3172 inluserit.

293 3237 354 3286 30
452 3221 556 3273 62.
613 3212 795 3289 Igitur
851 3211 1151 3272 Romanus
1205 3215 1304 3290 qui
1360 3213 1555 3272 aderat
1609 3210 1891 3270 exercitus
1948 3219 2171 3268 sextum
2231 3217 2367 3284 post

287 3298 293 3306 ⁶
371 3312 549 3372 cladis
598 3330 817 3372 annum
864 3312 1033 3370 trium
1090 3312 1383 3389 legionum
1433 3331 1583 3381 ossa,
1630 3309 1789 3368 nullo
1830 3317 2105 3368 noscente
2152 3306 2366 3365 alienas

372 3412 638 3487 reliquias
680 3430 756 3469 an
798 3428 1033 3470 suorum
1066 3411 1245 3471 humo
1281 3420 1519 3487 tegeret,
1564 3426 1769 3469 omnes
1810 3416 1873 3465 ut
1913 3408 2273 3473 coniunctos,
2303 3416 2366 3460 ut

373 3510 854 3586 consanguineos,
885 3518 1052 3568 aucta
1093 3509 1152 3567 in
1197 3509 1424 3568 hostem
1467 3510 1567 3580 ira,
1605 3508 1812 3567 maesti
1854 3504 2020 3564 simul
2062 3514 2119 3563 et
2159 3501 2364 3561 infensi
