2594 3925
422 231 530 288 194
863 221 1222 272 CORNELII
1260 221 1350 269 TA
1361 220 1521 270 CJTJ
1552 217 1987 269 ANNALJUM
2064 203 2210 287 [ιω.
2220 224 2269 266 c.
2298 226 2405 278 779·

499 385 591 438 51.
634 378 861 437 Interea
915 378 1141 437 barbari
1196 377 1434 436 catervis
1476 376 1842 435 decurrentes
1899 393 2055 433 nunc
2098 373 2159 431 in
2199 372 2408 430 vallum

417 476 703 533 manualia
744 494 899 546 saxa,
944 484 1241 552 praeustas
1283 475 1473 546 sudeS,
1518 475 1712 533 decisa
1751 475 1960 533 robora
2003 474 2210 543 iacere,
2254 487 2409 527 nunc

417 572 669 649 virgultis
698 585 753 633 et
791 574 1039 632 cratibus
1076 583 1134 632 et
1171 573 1506 650 corporibus
1547 572 1832 631 exanimis
1875 571 2167 647 complere
2209 568 2413 639 fossas,

417 670 653 746 quidam
691 673 886 748 pontis
922 682 979 731 et
1020 672 1203 731 scalas
1236 681 1370 730 ante
1411 670 1669 730 fabricati
1711 669 1918 728 inferre
1959 666 2414 746 propugnaculis

369 791 395 840 5
418 787 600 846 eaque
640 789 923 847 prensare,
958 770 1249 828 detrahere
1292 779 1351 828 et
1390 770 1692 828 adversum
1734 768 2044 827 resistentis
2087 766 2415 825 comminus

419 866 538 926 niti.
608 868 771 926 miles
796 878 999 927 contra
1025 868 1328 926 deturbare
1357 868 1499 939 telis,
1535 868 1747 944 pellere
1774 866 2144 935 umbonibus,
2174 864 2417 921 muralia
2438 868 2470 914 2

419 965 549 1041 pila,
572 976 877 1043 congestas
905 966 1158 1042 lapidum
1188 966 1372 1024 moles
1401 966 1751 1041 provolvere.
1807 964 1896 1022 his
1923 973 2117 1040 partae
2145 962 2416 1021 victoriae

420 1080 553 1139 spes
581 1073 656 1135 et,
687 1065 735 1122 si
763 1064 985 1135 cedant,
1008 1063 1333 1140 insignitius
1360 1064 1658 1139 flagitium,
1690 1062 1796 1120 illis
1829 1072 2086 1120 extrema
2114 1060 2233 1119 iam
2262 1049 2417 1119 salus

420 1170 476 1219 et
503 1161 840 1220 adsistentes
868 1162 1152 1239 plerisque
1180 1170 1391 1221 matres
1419 1173 1476 1221 et
1505 1162 1783 1237 coniuges
1811 1176 2120 1236 earumque
2161 1160 2417 1217 lamenta

348 1282 406 1318 ιο
421 1259 640 1317 addunt
678 1260 922 1319 animos,
991 1278 1111 1319 nox
1145 1260 1270 1318 aliis
1299 1260 1360 1318 in
1401 1260 1725 1331 audaciam,
1771 1257 1894 1318 aliis
1939 1258 2015 1317 ad
2044 1257 2416 1317 formidinem
2438 1263 2469 1308 3

422 1367 781 1434 opportuna;
838 1358 1038 1417 incerti
1086 1358 1247 1429 ictus,
1291 1358 1524 1417 vulnera
1575 1357 1904 1434 inprovisa3
1962 1374 2196 1415 suorum
2243 1365 2415 1431 atque

421 1455 671 1514 hostium
726 1456 1019 1533 ignoratio
1057 1467 1115 1516 et
1168 1457 1384 1515 montis
1433 1455 1692 1515 anfractu
1747 1472 2120 1532 repercussae
2169 1454 2327 1511 velut
2383 1471 2414 1510 a

422 1561 583 1628 tergo
611 1571 782 1613 voces
810 1554 958 1613 adeo
987 1563 1196 1613 cuncta
1224 1554 1590 1625 miscuerant,
1620 1563 1684 1611 ut
1706 1553 2008 1630 vquaedam
2051 1551 2415 1609 munimenta

423 1648 676 1709 Romani
718 1652 882 1727 quasi
924 1661 1191 1729 perrupta
1233 1652 1544 1731 omiserint.
1628 1669 1819 1727 neque
1875 1660 2072 1709 tamen
2112 1666 2415 1725 pervasere
2435 1654 2472 1701 4

349 1768 404 1819 15
423 1747 620 1807 hostes
663 1750 771 1807 nisi
813 1750 1128 1808 admodum
1169 1752 1377 1826 pauci:
1434 1760 1671 1823 ceterOS,
1716 1749 1942 1808 deiecto
1983 1748 2417 1825 promptissimo

424 1863 652 1923 quoque
696 1857 793 1905 aut
847 1848 1059 1920 sauci0,
1108 1848 1414 1925 adpetente
1462 1850 1578 1907 iam
1623 1847 1752 1906 luce
1807 1857 2022 1906 trusere
2075 1846 2136 1903 in
2187 1862 2418 1904 summa

422 1945 657 2016 castelli,
710 1946 810 2008 ubi
879 1946 1114 2006 tandem
1170 1956 1376 2006 coacta
1436 1945 1667 2006 deditio.
1750 1954 1808 2005 et
1869 1944 2135 2022 proxima
2204 1951 2414 2021 sponte
2437 1950 2470 1997 5

423 2043 740 2104 incolarum
803 2055 1031 2122 recepta
1060 2063 1075 2102 :
1167 2045 1412 2121 reliquiS‚
1469 2062 1586 2121 quo
1654 2044 1845 2102 minus
1912 2044 1966 2101 vi
2026 2051 2121 2101 aut
2181 2041 2416 2099 obsidio

429 2142 837 2218 subigerentur,
867 2151 1229 2219 praematura
1264 2143 1478 2201 montis
1506 2142 1724 2201 Haemi
1760 2151 1817 2201 et
1850 2158 2020 2200 saeva
2048 2140 2233 2201 hiems
2279 2139 2414 2196 sub-

348 2262 409 2299 20
422 2240 592 2298 venit.
2186 2227 2192 2230 ⁴

505 2344 607 2396 52.
649 2337 730 2396 At
770 2337 997 2399 Romae
1040 2349 1332 2400 commota
1379 2337 1653 2416 principis
1693 2337 1889 2410 domo,
1927 2347 1992 2396 ut
2034 2336 2208 2396 series
2242 2333 2411 2394 futuri

426 2433 487 2491 in
513 2434 895 2512 Agrippinam
939 2438 1094 2495 exitii
1134 2438 1426 2515 inciperet,
1458 2436 1698 2496 Claudia
1737 2435 1983 2494 Pulchra
2016 2434 2248 2492 sobrina
2289 2435 2410 2491 eius

423 2533 737 2608 postulatur
764 2545 1068 2594 accusante
1106 2535 1366 2594 Domitio
1407 2535 1570 2595 Afro,
1654 2535 1703 2593 is
1742 2552 1944 2592 recens
1975 2540 2253 2609 praetura,
2285 2548 2411 2589 mo·
2432 2545 2463 2589 2

425 2629 588 2689 dicus
636 2631 982 2707 dignationis
1030 2642 1093 2690 et
1147 2651 1385 2710 quoquo
1433 2632 1688 2691 facinore
1743 2648 2023 2708 properus
2073 2630 2410 2699 clarescere,

348 2747 406 2798 25
426 2728 643 2786 crimen
696 2729 1079 2805 inpudicitiae,
1121 2731 1440 2789 adulterum
1482 2730 1776 2801 Furnium,
1818 2728 2096 2787 veneficia
2136 2727 2198 2784 in
2250 2727 2410 2803 prin-

426 2825 617 2902 cipem
660 2836 717 2885 et
762 2826 1096 2886 devotiones
1151 2829 1492 2887 obiectabat.
1575 2828 1899 2905 Agrippina
1953 2844 2181 2902 semper
2229 2835 2409 2894 atrox,
2432 2840 2460 2885 3

407 2918 549 2982 'tum
590 2932 647 2983 et
686 2925 939 3000 periculo
981 2925 1339 3002 propinquae
1381 2944 1642 2997 accensa,
1673 2926 1856 3003 pergit
1898 2924 1973 2983 ad
2001 2923 2304 2982 Tiberium
2343 2941 2411 2982 ac

403 3021 569 3081 ‘forte
610 3023 1025 3082 sacrificantem
1064 3024 1212 3100 patri
1251 3024 1516 3100 repperit.
1602 3041 1720 3099 quo
1772 3023 1934 3081 initio
1988 3021 2236 3079 invidiae
2291 3040 2411 3081 non
2431 3033 2464 3078 4

424 3121 681 3180 eiusdem
726 3121 804 3180 ait
838 3131 1088 3180 mactare
1125 3122 1257 3180 divo
1288 3122 1556 3197 Augusto
1594 3121 1856 3180 victimas
1895 3130 1953 3178 et
1991 3129 2254 3196 posteros
2288 3119 2409 3177 eius

348 3234 414 3289 30r
426 3218 705 3278 insectari.
788 3238 909 3278 non
956 3221 1016 3277 in
1060 3220 1276 3296 effigies
1321 3229 1509 3278 mutas
1548 3219 1804 3278 divinum
1855 3218 2115 3295 spiritum
2162 3217 2409 3276 transfu-

403 3333 584 3376 sum:
629 3335 691 3376 se
728 3317 1040 3393 imaginem
1080 3335 1289 3390 veram,
1335 3317 1565 3376 caelesti
1619 3316 1901 3393 sanguine
1942 3325 2143 3386 ortam,
2188 3314 2408 3373 intelle·

424 3432 559 3490 gere
614 3415 938 3487 discrimen,
996 3415 1279 3492 suscipere
1335 3416 1553 3474 sordes.
1635 3414 1836 3473 frustra
1895 3412 2198 3472 Pulchram
2249 3430 2408 3488 prae·
2431 3421 2462 3469 5

428 3512 613 3584 scribi,
635 3512 727 3570 cui
754 3513 877 3571 sola
908 3513 1064 3573 exitii
1091 3530 1264 3572 causa
1292 3513 1364 3571 sit
1383 3512 1544 3589 quod
1568 3512 1952 3590 Agrippinam
1979 3511 2146 3571 stulte
2176 3527 2408 3586 prorsus
