2594 3925
217 242 339 282 ΑΛ).
376 219 482 303 24.]
806 232 1035 282 LIBER
1077 232 1173 283 IV.
1242 233 1396 283 CAP.
1438 237 1642 299 17-20.
2109 237 2214 296 177

213 387 543 463 missusque
582 388 771 447 Varro
813 388 1035 459 consul,
1074 387 1173 464 qui
1214 397 1487 464 paternas
1531 389 1858 448 inimicitias
1899 387 2221 448 obtendens

149 496 190 541 2
213 485 366 544 odiis
410 484 605 543 Seiani
645 505 746 562 per
786 486 1042 546 dedecus
1081 504 1247 544 suum
1286 487 1727 563 gratificabatur.
1811 497 2083 563 precante
2121 505 2221 545 reo

212 583 453 640 brevem
501 601 746 655 moram,
790 583 929 642 dum
972 594 1272 667 accusator
1314 584 1613 644 consulatu
1654 585 1852 655 abiret,
1895 586 2222 645 adversatus

214 688 307 738 est
348 678 602 739 Caesar:
654 681 886 740 solitum
928 682 1143 759 quippe
1190 683 1622 758 magistratibus
1670 682 1825 741 diem
1866 683 2098 758 privatis
2141 682 2222 741 di-

214 795 394 849 cere;
439 797 548 838 nec
590 778 1020 855 infringendum
1062 780 1315 839 consulis
1357 781 1462 851 iuS,
1507 780 1669 839 cuius
1711 781 1912 857 vigiliis
1956 781 2226 840 niteretur
2246 805 2273 852 5

156 885 188 930 8
214 892 294 932 ne
351 876 513 951 quod
572 894 664 935 res
724 877 954 953 publica
1013 877 1422 936 detrimentum
1477 888 1724 954 caperet.
1808 879 2106 954 proprium
2166 879 2224 937 id

216 970 462 1031 Tiberio
513 974 616 1032 fuit
664 974 881 1033 scelera
930 993 1111 1052 nuper
1165 987 1395 1051 reperta
1448 977 1651 1053 priscis
1699 976 1884 1035 verbis
1934 978 2223 1052 obtegere.

216 1070 393 1145 igitur
419 1071 599 1130 multa
639 1072 1086 1143 adseveratione,
1132 1075 1299 1151 quasi
1333 1084 1431 1133 aut
1463 1074 1683 1151 legibus
1727 1093 1863 1134 cum
1908 1074 2047 1133 Silio
2089 1093 2224 1150 age-

168 1156 179 1169 ’
216 1179 373 1226 retur
405 1179 503 1228 aut
539 1169 726 1230 Varro
771 1171 978 1230 consul
1014 1181 1113 1230 aut
1155 1157 1294 1230 illud
1339 1191 1431 1232 res
1469 1173 1701 1249 publica
1742 1182 1908 1243 esset,
1941 1182 2227 1248 coguntur

154 1280 193 1324 4
218 1276 432 1344 patreS.
519 1269 723 1328 silente
770 1288 892 1342 re0,
934 1269 1022 1328 vel
1065 1270 1114 1327 si
1164 1269 1561 1330 defensionem
1610 1281 1921 1349 coeptaret,
1964 1289 2085 1331 non
2127 1289 2225 1330 oc·
2250 1295 2308 1329 10

219 1366 475 1425 cultante
517 1367 679 1427 cuius
721 1367 803 1428 ira
843 1377 1212 1445 premeretur,
1256 1370 1612 1429 conscientia
1653 1369 1785 1428 belli
1830 1368 2091 1429 Sacrovir
2132 1369 2228 1427 diu

220 1464 629 1537 dissimulatus,
676 1467 915 1526 victoria
969 1486 1072 1543 per
1129 1468 1423 1527 avaritiam
1473 1468 1701 1527 foedata
1756 1477 1814 1527 et
1864 1486 2011 1527 uxor
2061 1467 2228 1526 Sosia

156 1575 194 1621 5
220 1564 625 1639 arguebantur.
708 1584 818 1626 nec
848 1566 1020 1625 dubie
1054 1566 1501 1642 repetundarum
1534 1566 1864 1624 criminibus
1897 1565 2226 1635 haerebant,

222 1661 331 1719 sed
379 1672 588 1721 cuncta
627 1664 964 1741 quaestione
1020 1665 1335 1723 maiestatis
1391 1665 1656 1736 exercita,
1705 1673 1765 1723 et
1814 1664 1986 1723 Silius
2040 1664 2227 1722 immi-

220 1768 463 1818 nentem
491 1761 925 1822 damnationem
951 1763 1277 1822 voluntario
1307 1762 1422 1820 fine
1450 1762 1765 1839 praevertit.
2252 1786 2306 1834 ¹5

305 1864 415 1917 20.
462 1858 754 1918 Saevitum
780 1869 976 1919 tamen
1007 1861 1070 1918 in
1097 1862 1269 1930 bona,
1299 1878 1422 1918 non
1449 1870 1512 1919 ut
1540 1860 1922 1937 stipendiariis
1948 1860 2229 1937 pecuniae

222 1956 617 2029 redderentur,
645 1977 895 2036 quorum
931 1978 1109 2019 nemo
1146 1959 1463 2035 repetebat,
1499 1958 1602 2018 sed
1640 1958 1943 2018 liberalitas
1979 1959 2229 2035 Augusti

161 2064 196 2108 2
224 2054 443 2128 avulsa,
465 2058 791 2134 conputatis
820 2057 1154 2135 singillatim
1183 2075 1335 2134 quae
1362 2057 1505 2116 fisco
1534 2059 1891 2134 petebantur.
1948 2076 2019 2116 ea
2044 2059 2232 2132 prima

226 2151 468 2213 Tiberio
522 2174 658 2232 erga
712 2157 1024 2233 pecuniam
1080 2156 1329 2213 alienam
1384 2155 1680 2232 diligentia
1737 2155 1857 2214 fuit.
1940 2155 2109 2214 Sosia
2167 2156 2229 2213 in

225 2251 464 2309 exilium
503 2254 730 2328 pellitur
767 2255 953 2313 Asinii
996 2253 1149 2313 Galli
1191 2254 1493 2324 sententia,
1530 2254 1628 2331 qui
1669 2262 1895 2330 partem
1938 2254 2226 2313 bonorum
2249 2277 2311 2311 20

171 2360 205 2404 3
226 2349 657 2426 publicandam,
696 2370 830 2428 pars
863 2362 928 2411 ut
969 2352 1159 2412 liberis
1193 2352 1606 2429 relinqueretur
1644 2361 1957 2411 censuerat.
2031 2361 2233 2411 contra

228 2445 331 2505 M’.
360 2446 618 2525 Lepidus
645 2459 911 2526 quartam
938 2451 1370 2511 accusatoribus
1399 2451 1721 2510 secundum
1749 2450 2232 2510 necessitudinem

165 2559 204 2603 4
228 2544 393 2620 legiS,
424 2556 609 2605 cetera
637 2548 827 2608 liberis
856 2550 1158 2609 concessit.
1236 2549 1392 2608 hunc
1422 2569 1533 2626 ego
1562 2548 1851 2624 Lepidum
1879 2549 2230 2625 temporibus

230 2641 340 2700 illis
369 2662 604 2719 gravem
630 2655 689 2704 et
716 2647 1034 2723 sapientem
1065 2648 1246 2706 virum
1274 2647 1449 2706 fuisse
1478 2648 1841 2724 comperior:
1886 2665 2024 2706 nam
2050 2647 2233 2723 plera-

231 2758 347 2816 que
384 2743 459 2800 ab
497 2744 680 2801 saevis
720 2745 1141 2805 adulationibus
1176 2746 1419 2804 aliorum
1460 2747 1520 2804 in
1563 2746 1764 2805 melius
1802 2745 1975 2804 flexit.
2046 2762 2232 2822 neque
2254 2767 2312 2816 25

231 2847 429 2897 tamen
486 2843 925 2918 temperamenti
980 2846 1204 2919 egebat,
1262 2860 1397 2903 cum
1450 2845 1738 2922 aequabili
1792 2844 2122 2904 auctoritate
2178 2852 2236 2902 et

172 2955 208 3000 5
234 2937 420 3012 gratia
438 2939 611 3015 ,apud
639 2939 941 2999 Tiberium
976 2943 1232 3018 viguerit.
1317 2943 1473 3003 unde
1512 2943 1771 3002 dubitare
1806 2961 2002 3018 cogor,
2031 2942 2149 3001 fato
2178 2953 2235 3000 et

236 3045 387 3094 sorte
435 3039 729 3110 nascendi,
778 3049 843 3099 ut
891 3049 1095 3113 cetera,
1146 3041 1224 3099 ita
1278 3042 1605 3118 principum
1661 3041 1952 3100 inclinatio
1999 3040 2061 3097 in
2106 3039 2232 3111 hos,

237 3133 483 3194 offensio
524 3136 585 3193 in
626 3136 770 3208 illos,
815 3156 891 3196 an
934 3138 1004 3197 sit
1044 3138 1256 3215 aliquid
1306 3140 1367 3196 in
1410 3139 1622 3198 nostris
1666 3138 1916 3198 consiliis
1955 3137 2234 3214 liceatque

238 3231 386 3289 inter
421 3234 724 3309 abruptam
762 3236 1191 3295 contumaciam
1228 3245 1287 3295 et
1329 3237 1585 3296 deforme
1622 3235 1962 3311 obsequium
1998 3254 2232 3311 pergere
2250 3259 2315 3306 30

178 3349 214 3395 6
240 3329 343 3387 iter
371 3331 682 3390 ambitione
711 3351 779 3392 ac
808 3335 1074 3410 periculis
1096 3351 1357 3393 vacuum.
1424 3344 1484 3393 at
1511 3333 1858 3407 Messalinus
1882 3331 2053 3391 Cotta
2080 3332 2235 3390 haud

240 3427 430 3484 minus
459 3428 625 3486 claris
651 3431 979 3503 maioribuS,
1010 3431 1114 3490 sed
1141 3432 1339 3489 animo
1368 3431 1639 3502 diversuS,
1669 3431 1888 3489 censuit
1915 3429 2235 3489 cavendum

241 3533 472 3583 senatus
498 3528 782 3598 consulto,
806 3539 869 3587 ut
890 3547 1244 3606 quamquam
1271 3530 1530 3588 insontes
1557 3529 1922 3605 magistratus
1949 3537 2008 3587 et
2034 3528 2235 3605 culpae

1221 3653 1260 3695 N
