2594 3925
219 232 350 273 Aa).
385 208 488 293 16.]
855 218 1087 270 LIBER
1128 220 1207 269 Η.
1278 218 1431 268 CAP.
1479 222 1613 284 3-7-
2156 211 2232 285 89

155 390 197 437 4
221 379 425 451 sidiaS,
455 377 887 438 defensantibus
921 377 1197 453 iniquum.
1271 385 1332 436 at
1358 376 1406 435 si
1433 393 1591 436 mare
1619 377 1873 447 intretur,
1903 385 2236 452 promptam

223 478 378 554 ipsis
426 476 859 554 possessionem
899 484 959 534 et
1008 474 1265 534 hostibus
1315 474 1596 551 ignotam,
1640 475 1807 533 simul
1853 475 2067 533 bellum
2114 492 2238 533 ma-

223 575 414 632 turius
440 574 616 651 incipi
643 573 1017 650 legionesque
1044 581 1102 631 et
1130 582 1491 632 commeatus
1519 572 1727 648 pariter
1744 572 1909 645 vehi;
1953 573 2239 649 integrum

226 673 492 749 equitem
527 689 825 749 equosque
861 689 966 748 per
1002 688 1104 729 ora
1131 679 1190 729 et
1215 670 1415 729 alveos
1442 669 1747 727 fluminum
1784 670 1974 730 media
2006 671 2067 728 in
2096 669 2240 730 Ger-

226 770 434 829 mania
462 770 604 830 fore.
2263 792 2291 840 5

316 874 380 926 6.
436 868 619 945 Igitur
671 868 783 927 huc
844 867 1101 938 intendit,
1158 867 1350 926 missis
1405 867 1481 927 ad
1535 886 1746 927 census
1804 866 2120 926 Galliarum
2179 866 2242 925 P.

230 964 472 1025 Vitellio
500 976 558 1025 et
585 964 652 1025 C.
672 965 866 1025 Antio.
949 965 1118 1025 Silius
1147 976 1204 1024 et
1231 965 1478 1026 Anteius
1507 976 1564 1025 et
1593 965 1847 1025 Caecina
1876 966 2242 1024 fabricandae

168 1077 206 1123 2
233 1064 410 1122 classi
450 1073 897 1140 praeponuntur.
968 1062 1124 1121 mille
1167 1081 1346 1122 naves
1386 1063 1645 1122 sufficere
1684 1063 1839 1122 visae
1877 1072 2244 1141 properatae-

234 1179 368 1238 que‚
398 1160 543 1219 aliae
579 1161 796 1231 breveS,
832 1170 1077 1236 angusta
1116 1161 1296 1237 puppi
1335 1180 1623 1239 proraque
1666 1171 1724 1220 et
1759 1161 1876 1220 lato
1914 1173 2095 1231 uter0,
2125 1177 2243 1236 quo

233 1257 462 1317 facilius
509 1258 716 1317 fluctus
762 1259 1073 1317 tolerarent
1088 1276 1105 1329 ;
1156 1258 1446 1334 quaedam
1487 1260 1695 1335 planae
1744 1259 1969 1329 carinis,
2009 1269 2074 1317 ut
2119 1258 2244 1317 sine
2270 1281 2327 1316 ιο

235 1374 398 1416 noxa
442 1355 722 1428 siderent3
764 1356 958 1433 plures
996 1355 1274 1433 adpositis
1315 1358 1599 1433 utrimque
1642 1357 2063 1434 gubernaculis,
2103 1375 2245 1415 con·

174 1474 211 1521 8
237 1471 409 1513 verso
446 1466 508 1514 ut
546 1464 783 1531 repente
821 1454 1063 1531 remigio
1106 1454 1240 1513 hinc
1273 1456 1366 1513 vel
1406 1455 1560 1515 illinc
1603 1455 1991 1533 adpellerent3
2033 1456 2246 1515 multae

238 1553 516 1631 pontibus
558 1561 784 1625 stratae,
823 1571 995 1630 super
1036 1571 1180 1630 quas
1223 1562 1513 1613 tormenta
1545 1554 1896 1626 veherentur,
1936 1555 2103 1614 simul
2144 1573 2246 1631 ap-

237 1663 336 1711 tae
363 1651 615 1711 ferendis
652 1653 816 1728 equis
854 1661 953 1710 aut
990 1652 1344 1710 commeatui
1365 1671 1385 1724 3
1427 1652 1566 1711 velis
1603 1652 1840 1725 habiles,
1881 1653 2026 1713 citae
2053 1655 2243 1724 remiS,

174 1768 214 1814 4
236 1751 600 1827 augebantur
646 1750 932 1810 alacritate
980 1750 1222 1808 militum
1272 1750 1334 1808 in
1379 1750 1632 1827 speciem
1673 1769 1743 1811 ac
1783 1757 2108 1811 terrorem·
2158 1753 2244 1810 in·
2270 1776 2325 1824 15

239 1850 368 1911 sula
417 1848 764 1909 Batavorum
812 1849 872 1906 in
922 1866 1098 1925 quam
1149 1848 1525 1907 convenirent
1573 1850 1882 1926 praedicta,
1924 1851 2003 1909 ob
2052 1850 2248 1909 faciles

241 1947 519 2026 adpulsus
557 1947 1023 2026 accipiendisque
1059 1947 1243 2025 copiis
1283 1956 1344 2008 et
1380 1948 1882 2008 transmittendum
1919 1948 1995 2008 ad
2035 1948 2249 2008 bellum

180 2067 215 2112 5
241 2057 586 2125 opportuna.
658 2063 797 2105 nam
839 2045 1081 2105 Rhenus
1120 2063 1242 2106 uno
1283 2047 1451 2106 alveo
1493 2049 1803 2106 continuus
1845 2058 1944 2108 aut
1985 2048 2250 2108 modicas

241 2146 457 2205 insulas
499 2145 949 2204 circumveniens
989 2144 1144 2221 apud
1193 2145 1540 2222 principium
1588 2147 1712 2222 agri
1755 2145 1955 2206 Batavi
1995 2146 2148 2205 velut
2188 2146 2249 2204 in

242 2244 396 2304 duos
433 2261 637 2302 amnes
674 2243 954 2314 dividitur,
986 2252 1285 2319 servatque
1326 2261 1547 2302 nomen
1585 2255 1643 2302 et
1669 2243 1999 2303 violentiam
2029 2261 2246 2314 cursuS,
2268 2267 2329 2301 20

242 2361 361 2418 qua
403 2341 781 2402 Germaniam
829 2340 1205 2417 praevehitur,
1252 2341 1445 2401 donec
1492 2341 1732 2401 Oceano
1779 2343 2119 2414 misceatur3
2172 2344 2249 2402 ad

244 2439 531 2500 Gallicam
575 2441 760 2517 ripam
807 2440 974 2498 latior
1022 2448 1080 2498 et
1125 2438 1405 2516 placidior
1453 2439 1978 2500 adfluens—verso
2027 2458 2247 2517 cogno-

243 2550 444 2597 mento
474 2537 760 2597 Vahalem
786 2537 1018 2598 accolae
1047 2536 1354 2607 dicunt,-
1382 2554 1524 2596 mox
1552 2537 1612 2596 id
1640 2555 1876 2614 quoque
1903 2539 2248 2598 vocabulum

243 2646 428 2695 mutat
470 2636 645 2696 Mosa
677 2636 914 2695 flumine
946 2635 1181 2711 eiusque
1223 2636 1493 2694 inmenso
1531 2653 1632 2695 ore
1670 2635 1920 2696 eundem
1962 2637 2022 2696 in
2061 2636 2247 2697 Ocea·

245 2752 388 2793 num
416 2734 742 2794 effunditur.
2267 2760 2292 2794 2
2299 2758 2326 2808 5

325 2840 385 2896 ’1.
429 2833 546 2893 Sed
575 2832 805 2905 Caesar,
836 2833 976 2891 dum
1013 2833 1319 2910 adiguntur
1356 2852 1550 2904 naves,
1589 2833 1790 2893 Silium
1826 2836 2080 2912 legatum
2114 2853 2249 2893 cum

246 2931 516 3009 expedita
561 2949 739 2991 manu
794 2931 1183 3008 inruptionem
1239 2932 1301 2989 in
1351 2931 1595 2992 Chattos
1645 2933 1833 2992 facere
1881 2934 2072 2991 iubet:
2123 2933 2248 3010 ipse

247 3031 441 3090 audito
481 3030 778 3090 castellum
821 3030 1040 3107 Lupiae
1081 3030 1304 3088 flumini
1348 3031 1677 3106 adpositum
1719 3031 1987 3101 obsideri,
2028 3048 2129 3089 sex
2171 3032 2248 3090 le·

187 3145 222 3190 2
249 3131 454 3205 giones
493 3146 566 3187 eo
605 3129 781 3187 duxit.
852 3147 1042 3205 neque
1074 3127 1219 3189 Silio
1249 3130 1330 3187 ob
1358 3130 1577 3187 subitos
1615 3128 1829 3187 imbres
1865 3128 2018 3188 aliud
2057 3138 2249 3187 actum

247 3246 423 3305 quam
448 3236 514 3287 ut
539 3227 832 3286 modicam
858 3227 1134 3304 praedam
1162 3237 1218 3284 et
1244 3227 1390 3304 Arpi
1423 3227 1697 3303 principis
1727 3225 2072 3286 Chattorum
2103 3244 2243 3286 con-
2265 3251 2331 3299 30

248 3328 443 3404 iugem
484 3327 773 3402 filiamque
817 3336 1056 3402 raperet,
1094 3344 1283 3402 neque
1321 3324 1556 3384 Caesari
1600 3325 1832 3401 copiam
1874 3343 2106 3401 pugnae
2145 3343 2250 3402 op-

189 3438 224 3485 3
250 3444 502 3485 sessores
544 3425 752 3495 fecere,
796 3424 872 3482 ad
913 3423 1128 3482 famam
1177 3425 1457 3482 adventus
1506 3424 1628 3482 eius
1672 3423 1914 3499 dilapsi:
1968 3423 2249 3481 tumulum

251 3535 445 3583 tamen
486 3541 671 3600 nuper
704 3522 969 3581 Varianis
1011 3522 1336 3598 legionibus
1379 3531 1656 3580 structum
1700 3531 1758 3578 et
1795 3529 2048 3579 veterem
2089 3539 2251 3579 aram
