2594 3925
216 248 345 290 sen.
374 225 479 311 η]
800 197 1030 288 uam
1069 238 1181 289 [Π.
1252 239 1405 289 CAP.
1451 233 1662 305 18-23.
2115 248 2226 305 139

215 415 349 454 non
398 395 643 471 amplius
686 414 863 472 quam
913 395 1212 472 quingenti
1259 414 1520 468 numero,
1572 395 1805 454 easdem
1847 395 2228 454 Tacfarinatis

148 504 186 550 8
217 495 426 571 copias
464 493 811 569 praesidium
841 494 937 551 cui
964 492 1155 552 Thala
1188 512 1407 551 nomen
1447 494 1748 570 adgressas
1776 493 2036 552 fuderint.
2110 511 2228 570 quo

217 592 445 669 proelio
506 590 689 649 Rufus
748 591 988 650 Helvius
1036 592 1330 667 gregarius
1386 593 1548 651 miles
1599 594 1802 651 servati
1860 594 1996 651 civis
2053 593 2230 651 decus

147 700 192 744 4
220 689 437 747 rettulit
466 688 828 764 donatusque
858 698 946 747 est
974 691 1048 748 ab
1077 690 1340 766 Apronio
1369 691 1665 767 torquibus
1694 700 1751 749 et
1777 691 1955 749 hasta.
2018 690 2231 749 Caesar

222 787 442 846 addidit
489 787 730 847 civicam
773 806 1066 860 coronam,
1111 788 1268 864 quod
1320 807 1438 848 non
1488 807 1620 847 eam
1661 807 1892 865 quoque
1934 789 2230 865 Apronius
2253 810 2281 861 5

150 896 192 942 5
221 888 343 945 iure
371 885 736 963 proconsulis
763 886 1065 958 tribuisset,
1098 897 1334 963 questus
1363 889 1549 964 magis
1578 906 1754 964 quam
1783 887 2057 946 offensus.
2130 886 2231 945 sed

221 983 569 1042 Tacfarinas
598 983 873 1059 perculsis
903 982 1174 1042 Numidis
1203 995 1261 1043 et
1289 986 1518 1045 obsidia
1546 986 1984 1061 aspernantibus
2015 985 2231 1062 spargit

152 1092 195 1137 6
222 1082 455 1151 bellurn,
484 1081 586 1138 ubi
619 1081 938 1152 instaretur,
970 1083 1185 1140 cedens
1214 1101 1282 1142 ac
1311 1102 1539 1142 rursum
1567 1085 1627 1141 in
1654 1094 1816 1160 terga
1843 1101 2123 1141 remeanS.
2174 1092 2232 1140 et

226 1178 363 1238 dum
423 1197 493 1236 ea
544 1179 688 1236 ratio
748 1180 991 1238 barbaro
1048 1179 1167 1251 fuit,
1217 1182 1450 1240 inritum
1506 1182 1837 1258 fessumque
1896 1180 2232 1239 Romanum

226 1275 461 1352 impune
500 1275 938 1335 ludificabatur:
983 1289 1293 1355 postquam
1333 1281 1567 1340 deflexit
1604 1281 1679 1340 ad
1716 1281 2032 1338 maritimos
2067 1280 2230 1337 locos
2253 1302 2312 1339 10

227 1384 282 1432 et
329 1374 599 1450 inligatus
647 1376 862 1451 praeda
912 1378 1124 1436 stativis
1174 1380 1373 1438 castris
1422 1380 1784 1449 adhaerebat,
1805 1385 1812 1394 “
1830 1380 2010 1436 missu
2057 1378 2231 1454 patris

227 1473 518 1549 Apronius
548 1470 863 1532 Caesianus
893 1493 1026 1533 cum
1060 1478 1248 1552 equite
1286 1488 1345 1536 et
1383 1478 1714 1537 cohortibus
1750 1478 2072 1548 auxiliariis,
2104 1477 2231 1553 quis

226 1570 619 1629 velocissimos
652 1571 946 1648 legionum
976 1573 1289 1645 addiderat,
1319 1593 1660 1652 prosperam
1690 1577 1992 1635 adversum
2027 1574 2230 1632 Numi-

226 1670 331 1729 das
358 1684 619 1747 pugnam
647 1669 783 1728 facit
809 1671 1078 1747 pellitque
1105 1673 1165 1729 in
1195 1673 1436 1732 deserta.

306 1775 410 1827 22.
452 1767 534 1825 At
584 1767 813 1827 Romae
862 1768 1101 1846 Lepida,
1152 1772 1246 1830 cui
1295 1790 1465 1848 super
1513 1754 1891 1831 Aemiliorum
1937 1768 2112 1831 decus
2161 1771 2227 1830 L.
2253 1794 2307 1843 15

227 1867 385 1926 Sulla
446 1875 505 1926 et
566 1865 675 1924 Cu.
727 1866 1037 1944 Pompeius
1096 1871 1295 1945 proavi
1347 1880 1523 1943 erant,
1577 1871 1824 1930 defertur
1882 1870 2228 1928 simulavisse

163 1983 198 2029 2
223 1977 457 2043 partum
486 1984 558 2023 ex
598 1965 661 2023 P.
693 1965 959 2037 Quirinio
995 1969 1168 2028 divite
1204 1980 1376 2047 atque
1405 1972 1567 2029 orbo.
1653 1970 2040 2029 adiciebantur
2069 1969 2220 2028 adul·

223 2066 384 2135 teria,
430 2081 670 2135 venena,
715 2066 1149 2144 quaesitumque
1190 2087 1294 2144 per
1335 2067 1663 2127 Chaldaeos
1706 2070 1765 2126 in
1810 2068 2049 2126 domum
2086 2066 2231 2126 Cae-

161 2181 197 2226 8
226 2164 388 2234 saris,
419 2162 762 2223 defendente
800 2183 959 2222 ream
996 2164 1200 2226 Manio
1237 2166 1466 2243 Lepido
1502 2167 1686 2226 fratre.
1773 2166 2064 2239 Quirinius
2101 2177 2234 2244 post

225 2264 450 2321 dictum
485 2263 787 2339 repudium
826 2265 1015 2324 adhuc
1054 2265 1312 2325 infensus
1353 2268 1613 2344 quamvis
1655 2267 1853 2325 infami
1894 2287 1962 2327 ac
2004 2268 2236 2328 nocenti
2257 2290 2317 2325 πο

225 2360 662 2419 miserationem
705 2361 1017 2421 addiderat.
1106 2363 1262 2424 haud
1304 2364 1471 2423 facile
1515 2366 1643 2441 quis
1690 2365 2002 2442 dispexerit
2041 2366 2136 2423 illa
2177 2366 2237 2423 in

227 2459 566 2535 cognitione
609 2469 867 2519 mentem
907 2463 1217 2539 principis:
1264 2464 1414 2522 adeo
1454 2463 1617 2521 vertit
1653 2480 1723 2522 ac
1764 2464 1989 2521 miscuit
2030 2464 2145 2522 irae
2183 2474 2239 2522 et

162 2576 204 2623 4
229 2558 569 2616 clementiae
611 2559 791 2634 signa.
875 2558 1214 2636 deprecatus
1255 2562 1447 2637 primo
1490 2572 1771 2632 senatum,
1810 2580 1885 2619 ne
1928 2562 2238 2620 maiestatis

230 2656 477 2716 crimina
517 2666 906 2729 tractarentur,
936 2677 1077 2717 mox
1119 2659 1204 2717 M.
1236 2659 1535 2718 Servilium
1572 2679 1605 2717 e
1640 2660 2032 2718 consularibus
2069 2660 2241 2718 alios-

230 2774 345 2832 que
388 2765 561 2814 testes
604 2755 804 2814 inlexit
844 2756 919 2815 ad
960 2758 1311 2833 proferenda
1351 2776 1497 2834 quae
1538 2757 1690 2816 velut
1727 2759 1939 2818 reicere
1977 2760 2241 2819 voluerat.
2264 2786 2288 2820 2
2294 2785 2321 2834 5

168 2873 205 2919 5
232 2854 506 2930 idemque
558 2871 750 2912 servos
799 2852 1073 2931 Lepidae,
1118 2874 1251 2913 cum
1305 2856 1528 2914 militari
1577 2856 1836 2915 custodia
1886 2857 2239 2928 haberentur,

231 2952 514 3012 transtulit
550 2952 627 3010 ad
663 2953 930 3012 consules
969 2972 1157 3030 neque
1197 2973 1302 3030 per
1338 2963 1625 3013 tormenta
1667 2955 2001 3032 interrogari
2037 2975 2239 3032 passus

170 3068 208 3115 e
235 3060 324 3110 est
361 3050 434 3108 de
474 3050 541 3108 iis
581 3069 726 3126 quae
767 3050 841 3109 ad
884 3051 1125 3111 domum
1169 3070 1333 3111 suam
1376 3052 1736 3129 pertinerent.
1823 3056 2036 3114 exemit
2071 3056 2240 3114 etiam

126 3214 135 3225 ,
235 3147 489 3206 Drusum
507 3150 803 3208 consulem
827 3150 1193 3227 designatum
1217 3150 1497 3208 dicendae
1521 3152 1712 3226 primo
1735 3152 1865 3211 loco
1890 3154 2238 3213 sententiae:

237 3248 395 3323 quod
451 3247 544 3305 alii
591 3248 752 3307 civile
810 3251 1097 3319 rebantur,
1145 3267 1221 3306 ne
1270 3249 1470 3306 ceteris
1527 3248 1884 3308 adsentiendi
1932 3252 2241 3310 necessitas
2260 3277 2323 3323 30

237 3346 412 3416 fieret,
444 3347 681 3422 quidam
715 3347 790 3406 ad
826 3348 1117 3406 saevitiam
1155 3346 1494 3406 trahebant:
1541 3365 1729 3423 neque
1762 3347 1918 3404 enim
1949 3366 2242 3407 cessurum

238 3444 349 3502 nisi
378 3444 690 3504 damnandi
722 3446 930 3505 offici0.

320 3549 420 3604 23.
462 3542 686 3619 Lepida
712 3544 976 3602 ludorum
1006 3545 1224 3614 diebuS,
1255 3545 1355 3620 qui
1385 3544 1776 3621 cognitionem
1806 3544 2242 3618 intervenerant,
2299 3610 2304 3619 .
