2594 3925
227 250 352 289 ΑΛ).
382 226 488 310 20.]
797 238 1028 287 LIBER
1069 239 1180 287 III.
1252 239 1405 288 CAP.
1456 245 1668 305 23-27.
2128 247 2233 297 141

226 413 383 470 quae
410 396 706 471 Augustus
734 395 1018 454 voluisset.
1103 395 1206 453 fuit
1238 395 1482 471 posthac
1516 396 1577 453 in
1603 397 1744 454 urbe
1774 414 1963 472 neque
1993 395 2240 454 honores

232 496 485 572 adeptus
514 506 615 554 est.

312 601 420 652 25.
467 594 739 653 Relatum
766 592 923 654 'dein
973 594 1046 653 de
1096 593 1456 652 moderanda
1499 592 1685 669 Papia
1727 592 2023 670 Poppaea,
2068 609 2243 669 quam

230 694 428 751 senior
474 693 768 769 Augustus
817 702 952 768 post
1000 692 1176 752 Iulias
1224 692 1558 769 rogationes
1609 691 1910 749 incitandis
1960 692 2245 750 caelibum

162 806 203 852 2
232 791 444 867 poenis
487 802 545 849 et
586 791 855 867 augendo
903 790 1123 849 aerario
1173 799 1459 848 sanxerat.
1542 807 1653 847 nec
1704 788 1837 848 ideo
1881 789 2149 864 coniugia
2188 798 2246 845 et
2266 811 2293 859 5

233 889 613 948 educationes
674 890 917 947 liberum
983 888 1506 965 frequentabantur,
1573 887 1896 964 praevalida
1962 887 2241 945 orbitate:

233 999 494 1047 ceterum
525 987 827 1046 multitudo
856 988 1297 1064 periclitantium
1325 988 1620 1064 gliscebat,
1652 1004 1787 1045 cum
1816 986 2008 1045 omnis
2037 986 2245 1043 domus

233 1087 558 1146 delatorum
624 1086 1180 1163 interpretationibus
1246 1088 1681 1157 subverteretur,
1748 1094 1924 1161 utque
2003 1084 2246 1142 antehac

168 1203 205 1248 3
232 1185 485 1261 flagitiiS,
521 1185 598 1242 ita
635 1195 770 1243 tunc
814 1183 1035 1260 legibus
1078 1185 1460 1244 laborabatur.
1545 1203 1616 1242 ea
1642 1202 1733 1243 res
1762 1184 2040 1242 admonet
2077 1191 2139 1240 ut
2174 1182 2246 1240 de

232 1284 533 1360 principiis
571 1283 722 1354 iuris,
764 1292 823 1341 et
866 1283 1072 1359 quibus
1110 1283 1302 1342 modis
1346 1283 1421 1341 ad
1462 1282 1620 1342 hanc
1653 1282 2078 1341 multitudinem
2118 1281 2246 1339 infi-
2271 1304 2328 1339 10

234 1382 420 1440 nitam
449 1400 519 1440 ac
547 1382 875 1440 varietatem
906 1382 1102 1458 legum
1130 1391 1473 1459 perventum
1503 1381 1591 1452 sit,
1624 1381 1788 1440 altius
1818 1380 2113 1440 disseram.

318 1488 424 1540 26.
467 1479 851 1539 Vetustissimi
883 1481 1228 1551 mortalium,
1259 1479 1416 1538 nulla
1444 1479 1634 1539 adhuc
1662 1479 1817 1538 mala
1844 1479 2093 1551 libidine,
2124 1479 2266 1537 sine·

233 1582 474 1656 probr0,
507 1578 736 1648 scelere,
764 1596 951 1654 eoque
981 1579 1102 1637 sine
1141 1596 1338 1656 poena
1374 1588 1472 1637 aut
1507 1578 1952 1637 coercitionibus
1980 1580 2247 1655 agebant.

174 1690 210 1735 2
233 1695 429 1753 neque
468 1676 738 1752 praemiis
771 1693 922 1751 opus
950 1686 1087 1747 erat,
1120 1693 1254 1734 cum
1295 1675 1541 1735 honesta.
1573 1687 1780 1753 suopte
1817 1676 2054 1751 ingenio
2087 1685 2248 1752 pete-

233 1786 434 1835 rentur
449 1794 465 1846 3
512 1784 567 1832 et
594 1774 693 1832 ubi
727 1773 869 1830 nihil
903 1783 1104 1832 contra
1136 1792 1365 1833 morem
1394 1784 1686 1850 cuperent,
1717 1774 1858 1831 nihil
1891 1793 1995 1850 per
2027 1783 2248 1832 metum
2272 1797 2327 1845 15

175 1886 211 1931 8
235 1875 591 1932 vetabantur.
673 1881 732 1931 at
759 1883 1073 1948 postquam
1101 1874 1232 1931 exui
1270 1873 1587 1949 aequalitas
1616 1883 1673 1932 et
1709 1890 1816 1949 pro
1855 1872 2141 1931 modestia
2178 1891 2247 1930 ac

234 1973 459 2050 pudore
515 1972 754 2029 ambitio
810 1981 867 2029 et
921 1972 1005 2029 vis
1067 1972 1389 2043 incedebat,
1447 1991 1763 2048 provenere
1819 1970 2249 2030 dominationes

235 2072 567 2146 multosque
602 2071 758 2146 apud
790 2070 1039 2146 populos
1068 2080 1368 2129 aeternum
1408 2089 1689 2130 mansere.
1775 2070 2011 2147 quidam
2041 2070 2250 2140 statim,

174 2181 214 2225 4
237 2182 338 2228 aut
366 2178 674 2245 postquam
703 2186 907 2243 regum
935 2178 1276 2245 pertaesum,
1307 2168 1466 2245 leges
1495 2169 1833 2228 maluerunt.
1917 2158 2028 2228 hae
2056 2169 2248 2246 primo

235 2269 479 2327 rudibus
521 2266 822 2324 hominum
859 2267 1064 2325 animis
1108 2267 1403 2344 simplices
1441 2278 1636 2340 erant3
1687 2268 2054 2345 maximeque
2093 2268 2250 2325 fama
2270 2291 2331 2326 20

238 2365 550 2426 celebravit
578 2364 957 2435 Cretensium,
981 2383 1124 2441 quas
1153 2364 1370 2436 Minos,
1404 2366 1833 2442 Spartanorum,
1858 2386 2004 2443 quas
2032 2365 2250 2443 Lycur-

240 2483 371 2541 gus,
411 2482 479 2523 ac
521 2482 659 2523 mox
698 2463 1153 2522 Atheniensibus
1196 2464 1569 2540 quaesitiores
1611 2466 1727 2523 iam
1769 2476 1827 2524 et
1869 2464 2061 2542 plures
2108 2465 2248 2523 Solo

180 2580 216 2626 5
242 2563 591 2640 perscripsit.
675 2562 844 2620 nobis
884 2561 1186 2633 Romulus,
1224 2573 1289 2620 ut
1326 2561 1566 2632 libitum,
1606 2563 2061 2639 imperitaverat:
2116 2565 2250 2622 dein

245 2663 445 2720 Numa
481 2660 853 2736 religionibus
892 2669 949 2718 et
987 2660 1181 2718 divino
1220 2662 1339 2718 iure
1377 2661 1658 2737 populum
1697 2662 1972 2732 devinxit,
2002 2673 2248 2738 reperta-

180 2778 220 2825 ο
247 2778 362 2835 que
419 2758 708 2835 quaedam
765 2777 800 2816 a
847 2758 1021 2817 Tullo
1078 2768 1136 2817 et
1190 2759 1378 2817 Anco.
1462 2760 1567 2818 sed
1620 2760 1962 2836 praecipuus
2021 2761 2247 2820 Servius
2269 2786 2327 2835 25

248 2856 473 2915 Tullius
514 2867 743 2916 sanctor
782 2857 978 2932 legum
1015 2857 1134 2926 fuit,
1175 2857 1305 2933 quis
1347 2856 1519 2915 etiam
1560 2876 1725 2934 reges
1768 2861 2248 2936 obtemperarent.

330 2963 432 3016 27.
482 2956 655 3014 Pulso
715 2955 1036 3032 Tarquinio
1094 2956 1399 3014 adversum
1455 2967 1682 3031 patrum
1738 2957 2018 3017 factiones
2074 2960 2252 3017 multa

248 3055 497 3131 populus
539 3055 754 3130 paravit
802 3054 1051 3113 tuendae
1097 3054 1372 3112 libertatis
1415 3064 1472 3112 et
1515 3055 1829 3115 firmandae
1873 3056 2250 3129 concordiae3

250 3154 536 3228 creatique
577 3153 883 3211 decemviri
926 3162 982 3211 et
1021 3152 1216 3211 accitis
1256 3171 1405 3229 quae
1449 3171 1696 3229 usquam
1737 3154 1970 3229 egregia
2013 3172 2252 3230 compo·

191 3266 226 3312 2
253 3252 391 3310 sitae
427 3251 730 3310 duodecim
763 3251 1006 3321 tabulae,
1038 3250 1169 3308 finis
1210 3251 1378 3328 aequi
1418 3251 1568 3310 iuris.
1653 3270 1791 3309 nam
1828 3261 2058 3319 secutae
2094 3251 2251 3328 leges
2272 3278 2333 3326 30

251 3350 355 3409 etsi
391 3350 701 3425 aliquando
741 3349 802 3407 in
839 3350 1132 3407 maleficos
1166 3368 1238 3407 ex
1279 3349 1509 3420 delicto,
1541 3351 1768 3426 saepius
1807 3359 2002 3408 tamen
2032 3351 2253 3409 dissen-

253 3449 415 3506 sione
463 3448 727 3506 ordinum
777 3457 834 3506 et
889 3447 1187 3524 apiscendi
1241 3447 1488 3506 inlicitos
1544 3448 1797 3507 honores
1855 3459 1951 3506 aut
2005 3449 2256 3525 pellendi

195 3559 230 3606 8
254 3546 441 3607 claros
495 3545 645 3605 viros
700 3546 923 3623 aliaque
970 3536 1058 3606 'ob
1114 3564 1285 3622 prava
1347 3564 1451 3622 per
1507 3546 1623 3603 vim
1684 3546 1830 3605 latae
1887 3556 2038 3606 sunt.
2120 3548 2256 3610 hinc
