2594 3925
209 269 265 306 A.
279 268 335 306 n.
375 243 483 327 23.]
726 271 731 276 -
828 254 1058 303 LIBER
1101 253 1197 303 JV.
1266 253 1418 303 cAP.
1463 249 1598 321 6-9.
2109 253 2217 314 171

149 425 186 470 4
210 414 481 483 destiam,
511 424 572 471 ut
600 420 905 471 contentus
934 420 1103 469 esset.
1187 428 1376 487 neque
1408 428 1539 468 raro
1578 427 1767 486 neque
1811 408 1965 485 apud
2000 425 2226 485 paucos

209 512 354 569 talia
400 511 658 582 iaciebat,
693 521 753 568 et
791 519 1010 569 secreta
1049 526 1282 586 quoque
1327 508 1449 566 eius
1490 517 1758 585 corrupta
1790 525 1972 567 uxore
2013 505 2224 584 prode-

211 612 451 668 bantur.

301 714 364 766 8.
411 707 593 784 Igitur
635 706 877 766 Seianus
906 706 1313 766 maturandum
1353 714 1508 765 ratus
1547 705 1746 782 deligit
1772 722 2076 775 venenum,
2107 722 2228 781 quo

212 806 501 883 paulatim
527 806 824 881 inrepente
853 804 1115 863 fortuitus
1143 806 1383 863 morbus
1411 803 1859 864 adsimularetur.
1945 801 2018 861 Id
2034 802 2227 861 Druso
2251 824 2280 873 5

213 906 422 963 datum
449 922 554 980 per
581 903 851 980 Lygdum
889 904 1231 979 spadonem,
1260 913 1325 961 ut
1360 912 1498 962 octo
1532 912 1667 979 post
1705 920 1893 961 annos
1928 900 2230 977 cognitum

152 1018 188 1063 2
213 1016 321 1061 est.
411 1012 663 1061 ceterum
691 1001 964 1059 Tiberius
1000 1020 1103 1077 per
1135 1019 1341 1061 omnes
1370 1001 1708 1060 valetudinis
1749 1000 1872 1059 eius
1899 998 2040 1069 dies,
2069 998 2229 1056 nullo

215 1110 384 1158 metu
429 1118 506 1157 an
552 1110 616 1157 ut
657 1099 1063 1157 firmitudinem
1112 1100 1292 1157 animi
1343 1108 1675 1170 ostentaret,
1726 1099 1902 1157 etiam
1958 1096 2231 1156 defuncto

153 1212 190 1258 3
217 1197 479 1255 necdum
507 1197 745 1273 sepulto,
777 1197 995 1255 curiam
1023 1197 1317 1273 ingressus
1348 1207 1453 1257 est.
1529 1196 1913 1273 consulesque
1943 1193 2083 1254 sede
2109 1192 2230 1251 vul-

220 1296 348 1372 gari
390 1313 497 1371 per
525 1296 780 1371 speciem
815 1296 1135 1354 maestitiae
1174 1296 1443 1355 sedentes
1484 1295 1727 1355 honoris
1761 1294 1990 1371 locique
2029 1292 2231 1374 admo-
2256 1315 2315 1350 10

220 1395 368 1465 nuit,
419 1402 478 1451 et
531 1394 778 1451 effusum
826 1395 887 1452 in
941 1393 1206 1452 lacrimas
1265 1403 1530 1453 senatum
1583 1394 1734 1452 victo
1790 1392 2010 1469 gemitu
2063 1390 2235 1450 simul

225 1493 490 1551 oratione
541 1492 818 1550 continua
862 1491 1074 1551 erexit:
1129 1510 1253 1550 non
1303 1491 1539 1568 quidem
1586 1492 1698 1551 sibi
1744 1492 2011 1568 ignarum
2058 1508 2235 1567 posse

226 1591 410 1667 argui,
450 1590 607 1666 quod
651 1599 773 1649 tam
812 1589 1029 1649 recenti
1066 1589 1265 1648 dolore
1305 1590 1536 1648 subierit
1584 1589 1786 1649 oculos
1831 1599 2098 1649 senatus:
2139 1589 2234 1646 vix

227 1689 688 1765 propinquorum
720 1688 992 1764 adloquia
1028 1687 1274 1759 tolerari,
1314 1689 1409 1746 vix
1452 1687 1608 1746 diem
1648 1687 1831 1764 aspici
1871 1707 1909 1745 a
1948 1686 2235 1763 plerisque

166 1804 204 1848 4
228 1786 566 1864 lugentium.
649 1803 836 1863 neque
883 1785 1013 1845 illos
1061 1785 1442 1845 inbecillitatis
1492 1785 1892 1844 damnandos:
1935 1803 1999 1844 se
2039 1795 2236 1844 tamen
2258 1806 2314 1856 15

170 1902 203 1948 5
230 1885 468 1944 fortiora
511 1884 729 1943 solacia
767 1903 801 1942 e
843 1883 1155 1961 complexu
1195 1884 1279 1944 rei
1321 1883 1588 1962 publicae
1629 1883 1914 1961 petivisse.
1997 1882 2235 1941 misera-

232 1997 440 2060 tusque
467 1983 761 2059 Augustae
795 1993 1113 2042 extremam
1147 1993 1463 2055 senectam,
1492 1982 1697 2042 rudem
1737 1982 1927 2041 adhuc
1960 1992 2239 2059 nepotum

206 2090 289 2142 'et
316 2090 650 2158 vergentem
687 2091 936 2140 aetatem
975 2099 1157 2152 suam,
1185 2092 1248 2140 ut
1284 2080 1621 2140 Germanici
1655 2080 1832 2152 liberi,
1860 2081 2035 2140 unica
2073 2098 2240 2157 prae-

174 2196 210 2242 6
236 2181 488 2240 sentium
541 2179 825 2239 malorum
880 2180 1218 2252 levamenta,
1269 2179 1674 2238 inducerentur
1727 2179 1940 2255 petivit.
2025 2179 2244 2256 egressi

237 2277 506 2338 consules
551 2277 805 2337 firmatos
849 2277 1123 2354 adloquio
1172 2277 1631 2337 adulescentulos
1675 2276 2069 2353 deductosque
2112 2287 2245 2336 ante
2268 2300 2327 2335 20

238 2375 555 2436 Caesarem
615 2384 883 2434 statuunt.
968 2376 1176 2452 quibus
1245 2375 1549 2453 adprensis
1619 2379 1634 2406 ‘
1656 2384 1849 2452 patres
1914 2376 2247 2452 conscripti,

237 2474 384 2545 hoS‚'
427 2473 613 2549 inquit
653 2476 668 2503 ‘
687 2474 925 2533 orbatos
961 2484 1203 2550 parente
1241 2473 1448 2532 tradidi
1489 2483 1696 2550 patruo
1742 2473 2003 2550 ipsorum
2049 2491 2250 2551 preca-

239 2583 448 2648 tusque
491 2587 639 2642 sum,
681 2589 1036 2648 quamquam
1077 2580 1228 2631 esset
1268 2571 1349 2629 illi
1390 2572 1624 2648 propria
1667 2572 1914 2642 suboleS‚
1958 2591 2034 2630 ne
2083 2588 2253 2631 secus

239 2688 420 2747 quarn
459 2686 626 2727 suum
664 2670 1008 2746 sanguinem
1050 2668 1282 2741 foveret,
1314 2670 1614 2742 attolleret,
1647 2670 1871 2747 sibique
1914 2681 1973 2730 et
2008 2670 2254 2747 posteris

184 2779 216 2828 7
243 2767 645 2826 conformaret.
730 2778 930 2844 erepto
958 2767 1153 2826 Druso
1182 2787 1389 2845 preces
1417 2768 1494 2827 ad
1522 2786 1625 2826 vos
1654 2778 1929 2828 converto
1960 2768 2165 2845 disque
2196 2778 2253 2826 et
2277 2789 2332 2839 ²5

243 2865 432 2941 patria
472 2882 669 2924 coram
712 2867 1012 2924 obtestor:
1055 2867 1308 2943 Augusti
1343 2876 1720 2942 pronepoteS,
1764 2866 2092 2925 clarissimis
2133 2885 2279 2924 ma-

245 2963 463 3022 ioribus
519 2963 762 3039 genitoS,
814 2963 1103 3039 suscipite,
1161 2965 1360 3041 regite,
1402 2974 1650 3022 vestram
1704 2981 2014 3040 meamque
2071 2962 2255 3022 vicem

186 3074 221 3117 8
248 3061 493 3137 explete.
576 3059 638 3117 hi
677 3061 861 3133 vobis,
902 3059 1062 3120 Nero
1101 3071 1159 3120 et
1200 3061 1410 3134 Druse,
1439 3070 1745 3138 parentum
1786 3061 1936 3120 loco.
2021 3060 2102 3118 ita
2140 3061 2257 3119 nati

247 3158 403 3230 estiS,
434 3169 498 3217 ut
521 3158 683 3216 bona
709 3158 978 3235 malaque
1004 3169 1194 3218 vestra
1221 3159 1301 3218 ad
1327 3177 1453 3218 rem
1479 3160 1773 3237 publicam
1802 3156 2158 3235 pertineant.’

335 3263 398 3316 9.
421 3254 671 3332 ‘Magno
713 3274 783 3315 ea
824 3256 965 3314 fletu
1006 3265 1066 3315 et
1111 3274 1254 3316 mox
1303 3257 1732 3334 precationibus
1778 3256 1981 3316 faustis
2022 3257 2218 3316 audita
2239 3276 2255 3330 3
2278 3280 2340 3328 30

251 3373 322 3414 ac
363 3355 412 3411 si
452 3353 696 3412 modum
737 3354 985 3413 orationi
1034 3354 1344 3431 posuisset,
1387 3354 1777 3414 misericordia
1826 3354 1913 3412 sui
1962 3353 2259 3430 gloriaque

252 3453 482 3513 animos
525 3450 881 3511 audientium
921 3451 1288 3527 impleverat:
1334 3452 1410 3511 ad
1436 3471 1589 3512 vana
1621 3464 1679 3511 et
1714 3453 1924 3510 totiens
1967 3452 2142 3511 inrisa
2174 3471 2260 3511 re·

254 3550 500 3620 volutuS,
530 3549 603 3608 de
631 3548 926 3608 reddenda
954 3567 1015 3608 re
1045 3549 1276 3620 publica
1307 3559 1488 3626 utque
1521 3550 1793 3610 consules
1823 3567 1927 3609 seu
1954 3550 2081 3627 quis
2116 3551 2261 3611 alius
