2594 3925
135 234 397 321 x.1>.22.]
713 245 942 298 LJBER
981 245 1093 297 [Η.
1167 247 1321 299 CAP.
1367 240 1584 315 59-63·
2040 249 2149 309 159

228 408 333 461 62.
374 400 630 460 Proximi
671 402 781 461 hos
823 401 1129 479 Magnetes
1158 402 1225 461 L.
1258 403 1548 479 Scipionis
1591 412 1648 461 et
1675 401 1743 461 L.
1776 400 1966 460 Sullae
2010 418 2153 458 con-

138 501 350 559 stitutis
393 501 731 571 nitebantur,
762 519 1007 577 quorum
1048 501 1141 559 ille
1168 501 1482 573 Antiocho,
1512 501 1605 560 hic
1652 499 1986 558 Mithridate
2029 497 2154 574 pul-

140 599 225 657 sis
267 598 446 657 fidem
488 607 659 676 atque
700 599 966 657 virtutem
1008 599 1356 675 Magnetum
1398 600 1758 670 decoravere,
1803 598 1886 655 uti
1927 597 2154 655 Dianae

79 705 115 750 2
142 696 609 775 Leucophrynae
664 697 988 774 perfugium
1013 751 1017 755 .
1042 698 1365 757 inviolabile
1421 698 1580 757 foret.
1664 697 2150 774 Aphrodisienses

141 795 395 871 posthac
443 806 503 854 et
547 795 1005 855 Stratonicenses
1051 797 1345 855 dictatoris
1392 796 1652 855 Caesaris
1703 796 1782 854 ob
1830 804 2051 853 vetusta
2096 795 2156 851 in
2178 815 2204 865 5

140 895 319 970 partis
351 894 556 952 merita
583 902 640 952 et
665 912 869 953 recens
897 894 1009 952 divi
1036 894 1284 972 Augusti
1315 897 1609 954 decretum
1638 894 1906 963 adtulere,
1936 892 2152 950 laudati

140 992 304 1067 quod
360 991 707 1051 Parthorum
782 994 1173 1069 inruptionem
1246 994 1390 1052 nihil
1445 1002 1665 1052 mutata
1738 994 1801 1051 in
1875 990 2155 1068 populum

79 1100 114 1145 3
142 1091 483 1150 Romanum
524 1092 847 1152 constantia
884 1093 1262 1168 pertulissent.
1346 1092 1450 1151 sed
1490 1091 2031 1168 Aphrodisiensium
2073 1088 2154 1147 ci-

137 1192 283 1250 vitas
338 1190 601 1262 Veneris,
662 1191 1169 1251 Stratonicensium
1225 1192 1382 1250 Iovis
1432 1201 1489 1251 et
1538 1191 1769 1251 Triviae
1816 1183 2155 1266 religionem

79 1300 115 1346 4
140 1293 461 1349 tuebantur.
575 1290 737 1348 altius
810 1289 1385 1349 Hierocaesarienses
1456 1308 1791 1366 exposuere,
1862 1288 2152 1347 Persicam
2176 1310 2234 1344 10

140 1390 296 1466 apud
323 1408 387 1447 se
423 1387 694 1458 Dianam,
724 1388 1024 1447 delubrum
1063 1406 1200 1464 rege
1239 1388 1395 1464 Cyro
1436 1388 1727 1461 dicatum;
1771 1396 1828 1446 et
1868 1404 2152 1446 memora-

140 1489 350 1546 bantur
394 1488 746 1564 Perpennae,
796 1486 1031 1546 Isaurici
1088 1486 1384 1564 multaque
1432 1487 1543 1545 alia
1586 1487 1995 1563 imperatorum
2043 1503 2151 1543 no-

139 1587 312 1655 mina,
361 1585 463 1663 qui
512 1603 635 1643 non
679 1584 861 1643 modo
906 1584 1125 1661 templo
1172 1585 1276 1644 sed
1322 1586 1547 1644 duobus
1598 1585 1827 1643 milibus
1876 1603 2152 1661 passuum

80 1701 115 1747 5
140 1685 388 1743 eandem
432 1684 791 1742 sanctitatem
837 1683 1164 1742 tribuerant.
1232 1684 1388 1742 exim
1433 1683 1627 1760 Cyprii
1671 1685 1849 1742 tribus
1891 1687 1953 1742 de
1994 1683 2150 1766 deluf

139 1784 271 1853 bris,
318 1800 570 1859 quorum
611 1782 1061 1841 vetustissimum
1116 1781 1370 1858 Paphiae
1417 1782 1632 1841 Veneri
1681 1793 1881 1842 auctor
1929 1782 2145 1852 Ae'riaS,
2172 1806 2226 1854 15

139 1893 270 1958 post
300 1883 448 1940 filius
479 1883 600 1940 eius
629 1881 912 1940 Amathus
941 1880 1157 1939 Veneri
1185 1881 1562 1940 Amathusiae
1591 1891 1648 1941 et
1676 1882 1803 1940 Iovi
1834 1882 2148 1941 Salaminio

139 1982 386 2054 Teucer,
417 1981 754 2040 Telamonis
781 1982 957 2057 patris
984 1981 1066 2040 ira
1093 1981 1390 2057 profuguS,
1421 1982 1763 2058 posuissent.

81 2094 114 2140 2
220 2088 322 2141 63.
365 2081 610 2138 Auditae
653 2080 891 2139 aliarum
938 2097 1170 2156 quoque
1218 2080 1531 2138 civitatium
1587 2080 1921 2157 legationeS.
2004 2097 2149 2156 quo-

137 2198 268 2238 rum
307 2181 480 2256 copia
521 2179 654 2238 fessi
695 2188 899 2255 patreS,
930 2188 987 2236 et
1030 2179 1165 2255 quia
1207 2178 1406 2236 studiis
1450 2181 1787 2251 certabatur,
1818 2179 2149 2238 consulibus

138 2279 468 2354 permisere,
516 2288 579 2336 ut
627 2286 933 2354 perspecto
983 2277 1121 2348 iure,
1165 2285 1222 2334 et
1271 2278 1320 2334 si
1366 2295 1482 2352 qua
1522 2261 1792 2354 iniquitas
1833 2278 2146 2337 involvere·
2168 2301 2231 2335 20

82 2391 113 2437 3
138 2388 242 2448 tur,
299 2395 425 2435 rem
470 2377 751 2452 integram
798 2393 1022 2433 rursum
1068 2374 1144 2432 ad
1193 2384 1458 2434 senatum
1506 2376 1797 2434 referrent.
1882 2376 2149 2435 consules

137 2495 310 2552 super
353 2494 452 2534 eas
493 2475 761 2547 civitates,
792 2492 937 2552 quas
973 2458 1304 2544 memoravi,
1340 2474 1497 2550 apud
1537 2473 1886 2550 Pergamum
1928 2474 2148 2534 Aescu-

136 2575 273 2651 lapii
338 2584 682 2651 conpertum
751 2576 974 2651 asylum
1037 2573 1401 2631 rettulerunt:
1477 2582 1697 2632 ceteros
1754 2575 2014 2632 obscuris
2070 2576 2149 2633 ob

79 2685 113 2730 4
135 2683 477 2732 vetustatem
515 2674 687 2731 initiis
725 2674 840 2733 niti.
932 2690 1069 2730 nam
1110 2671 1467 2749 Zmyrnaeos
1510 2671 1804 2731 oraculum
1842 2673 2145 2748 Apollinis,

136 2773 298 2831 cuius
328 2771 570 2856 imperio
603 2771 965 2830 Stratonicidi
994 2770 1210 2830 Veneri
1249 2771 1531 2847 templum
1569 2771 1893 2844 dicaverint,
1925 2771 2146 2831 Tenios
2169 2797 2193 2831 2
2200 2798 2228 2848 5

137 2871 395 2930 eiusdem
426 2889 660 2941 carmen
688 2870 908 2940 referre,
939 2888 1058 2946 quo
1088 2888 1310 2928 sacrare
1340 2869 1599 2946 Neptuni
1628 2871 1878 2947 effigiem
1916 2872 2147 2930 aedem-

83 2980 114 3024 5
136 2988 247 3047 que
272 2970 412 3027 iussi
436 2969 563 3026 sint.
593 2969 865 3045 propiora
885 2967 1220 3027 Sardianos:
1249 2967 1564 3026 Alexandri
1582 2969 1810 3029 victoris
1830 2970 1888 3028 id
1910 2970 2145 3030 donum.

135 3087 323 3145 neque
354 3067 546 3124 minus
590 3065 853 3126 Milesios
895 3065 1089 3157 Dareo
1132 3085 1265 3142 rege
1309 3067 1412 3124 niti
1428 3085 1446 3139 ς
1492 3077 1579 3127 set
1621 3070 1803 3128 cultus
1845 3070 2146 3127 numinum

82 3181 112 3225 6
134 3171 387 3244 utrisque
437 3165 689 3225 Dianam
738 3174 838 3223 aut
884 3165 1213 3241 Apollinem
1262 3167 1588 3226 venerandi.
1672 3176 1865 3244 petere
1906 3177 1964 3226 et
2008 3168 2146 3227 Cre-

82 3280 110 3328 7
135 3277 331 3341 tenses
387 3264 693 3322 simulacro
742 3263 854 3321 divi
910 3263 1172 3340 Augusti.
1256 3263 1522 3341 factaque
1578 3276 1809 3324 senatus
1864 3267 2141 3338 consulta,
2163 3291 2226 3339 30

135 3365 263 3441 quis
307 3364 490 3422 multo
519 3381 655 3421 cum
697 3362 915 3422 honore
956 3362 1164 3421 modus
1206 3371 1402 3421 tamen
1445 3365 1948 3439 praescribebatur,
1979 3365 2143 3424 iussi-

134 3480 246 3538 que
276 3461 416 3538 ipsis
444 3461 505 3517 in
535 3461 761 3536 templis
791 3461 966 3536 figere
996 3479 1128 3518 aera
1167 3461 1507 3519 sacrandam
1537 3462 1613 3519 ad
1642 3463 2000 3533 memoriam,
2031 3482 2143 3522 neu

134 3560 332 3637 specie
359 3559 650 3635 religionis
678 3560 741 3629 in
768 3559 1143 3618 ambitionem
1174 3554 1587 3618 delaberentur.
