2594 3925
183 214 440 299 A.n.19.]
768 224 1001 273 LIBER
1041 223 1119 273 JJ.
1189 221 1341 272 CAP.
1388 215 1602 288 68-73.
2078 227 2183 269 121

263 393 355 449 ¹71.
403 386 620 446 Caesar
656 383 946 462 paulisper
978 381 1053 441 ad
1088 399 1254 458 spem
1296 390 1533 453 erectuS,
1565 379 1700 439 dein
1741 378 1895 438 fesso
1933 394 2188 454 corpore,

183 487 282 544 ubi
332 485 467 544 finis
516 484 726 555 aderat,
769 481 1109 539 adsistentes
1157 479 1381 538 amicos
1428 479 1491 535 in
1537 479 1693 537 hunc
1738 477 1982 535 modum
2028 475 2191 534 adlo-

132 599 161 642 2
187 585 375 660 quitur
399 601 413 641 ε
457 586 473 612 ‘
493 582 542 640 si
571 581 688 639 fato
719 578 1115 649 concederem,
1147 578 1327 635 iustus
1356 576 1497 633 mihi
1531 575 1697 634 dolor
1724 575 1896 633 etiam
1924 573 2192 632 adversus

188 683 326 742 deos
357 689 529 751 esset,
561 678 720 755 quod
751 696 848 737 me
884 676 1213 754 parentibus
1249 675 1443 733 liberis
1480 674 1696 752 patriae
1732 674 1875 731 intra
1902 673 2193 731 iuventam

137 797 167 841 3
189 789 557 855 praematuro
587 776 744 835 exitu
772 784 1070 851 raperent:
1112 792 1269 832 nunc
1300 772 1512 832 scelere
1541 771 1770 831 Pisonis
1799 779 1856 829 et
1884 770 2194 829 Plancinae
2216 792 2245 842 5

189 877 536 953 interceptus
578 874 808 933 ultimas
852 890 1053 950 preces
1095 872 1422 949 pectoribus
1467 870 1667 930 vestris
1709 869 2008 945 relinquo:
2048 867 2193 926 refe-

188 976 318 1032 ratis
361 974 512 1049 patri
555 962 627 1030 ac
669 971 840 1043 fratri,
881 971 1091 1047 quibus
1134 970 1538 1029 acerbitatibus
1587 969 1942 1038 dilaceramS,
1988 967 2193 1044 quibus

188 1073 409 1131 insidiis
452 1071 874 1129 circumventus
916 1068 1300 1128 miserrimam
1339 1068 1515 1126 vitam
1555 1067 1808 1145 pessima
1842 1074 2026 1124 morte
2064 1064 2191 1122 fini-

134 1187 169 1231 4
189 1171 345 1228 erim.
432 1169 483 1227 si
520 1186 668 1244 quos
703 1185 835 1244 spes
877 1186 1061 1239 meae,
1091 1167 1140 1225 si
1176 1184 1325 1243 quos
1353 1167 1712 1243 propinquus
1740 1164 1993 1240 sanguiS,
2021 1164 2196 1222 etiam

187 1286 330 1343 quos
366 1267 581 1324 invidia
615 1284 752 1341 erga
777 1266 1064 1323 viventem
1100 1266 1388 1336 movebat,
1419 1263 1858 1322 inlacrimabunt
1895 1262 2194 1339 quondam
2217 1287 2275 1320 10

186 1366 493 1424 florentem
537 1374 596 1423 et
639 1367 724 1423 to't
769 1363 1048 1422 bellorum
1093 1363 1455 1439 superstitem
1500 1362 1761 1420 muliebri
1806 1360 2002 1419 fraude
2043 1361 2193 1419 ceci-

187 1464 359 1525 disse.
445 1463 551 1522 erit
596 1464 764 1522 vobis
815 1462 977 1521 locus
1025 1461 1305 1537 querendi
1352 1460 1510 1536 apud
1558 1467 1839 1531 senatum,
1890 1460 2195 1519 invocandi

132 1578 163 1623 5
186 1561 361 1638 leges,
446 1578 570 1619 non
609 1561 726 1621 hoc
767 1560 1140 1638 praecipuum
1181 1559 1502 1617 amicorum
1541 1575 1753 1616 munus
1794 1566 1896 1630 est,
1925 1559 2195 1634 prosequi

186 1659 529 1719 defunctum
571 1660 779 1735 ignavo
818 1666 1038 1736 questu,
1069 1657 1173 1715 sed
1210 1676 1357 1734 quae
1390 1657 1630 1714 voluerit
1666 1656 2016 1726 meminisse,
2047 1674 2195 1732 quae

131 1768 165 1812 6
185 1757 550 1816 mandaverit
585 1743 838 1834 exsequi.
921 1757 1141 1814 flebunt
1168 1754 1585 1815 Germanicum
1612 1755 1787 1813 etiam
1814 1742 2029 1830 ignoti:
2071 1756 2195 1812 vin·
2218 1779 2274 1829 15

185 1856 453 1915 dicabitis
495 1854 617 1928 vos,
660 1856 710 1913 si
759 1874 853 1913 me
895 1856 1085 1930 potius
1128 1872 1305 1931 quam
1339 1854 1629 1912 fortunam
1664 1870 1858 1911 meam
1900 1851 2193 1913 fovebatiS.

186 1954 480 2014 ostendite
522 1954 742 2031 populo
786 1953 1060 2013 Romano
1104 1953 1217 2011 divi
1261 1952 1506 2034 Augusti
1550 1960 1786 2028 neptem
1833 1949 2195 2030 eandemque

136 2061 167 2109 ’1
189 2053 503 2129 coniugem
551 2071 759 2124 meam,
806 2060 1099 2113 numerate
1151 2070 1253 2110 sex
1304 2052 1533 2110 liberos.
1615 2050 2003 2110 misericordia
2060 2069 2196 2109 cum
2279 2055 2310 2137 Ἰ

188 2151 592 2210 accusantibus
642 2150 762 2223 erit,
806 2150 1267 2226 fingentibusque
1318 2150 1560 2208 scelesta
1609 2147 1881 2206 mandata
1929 2158 2026 2207 aut
2072 2167 2195 2208 non

135 2257 168 2301 8
189 2248 425 2307 credent
468 2248 736 2307 homines
784 2256 880 2308 aut
927 2263 1053 2306 non
1101 2247 1439 2324 ignoscent.'
1523 2246 1774 2304 iuravere
1821 2246 2009 2317 amici,
2055 2247 2194 2306 dex·
2214 2272 2277 2307 20

178 2357 337 2405 -tram
381 2346 680 2404 morientis
730 2346 1151 2421 contingentes,
1200 2345 1463 2422 spiritum
1510 2352 1644 2402 ante
1692 2361 1869 2420 quam
1916 2343 2197 2403 ultionem

190 2445 523 2503 amissuros,
901 2504 905 2509 ,

269 2547 371 2602 72.
419 2542 579 2600 Tum
608 2540 688 2600 ad
724 2559 966 2600 uxorem
998 2559 1195 2601 versus
1232 2559 1336 2618 per
1376 2539 1718 2599 memoriam
1758 2540 1864 2612 sui,
1892 2558 1996 2616 per
2035 2559 2194 2600 com-

189 2657 397 2698 munes
454 2639 664 2698 liberos
719 2640 916 2710 oravit,
973 2652 1206 2699 exueret
1262 2639 1555 2711 ferociam,
1607 2638 1881 2696 saevienti
1937 2638 2194 2699 fortunae

193 2737 545 2796 submitteret
604 2737 880 2808 animum,
941 2755 1060 2795 neu
1117 2755 1374 2814 regressa
1436 2736 1493 2793 in
1552 2737 1756 2795 urbem
1812 2736 2193 2797 aemulatione
2214 2765 2237 2799 2
2242 2764 2270 2813 5

139 2855 169 2898 2
191 2835 480 2912 potentiae
508 2834 808 2893 validiores
837 2835 1102 2894 inritaret.
1186 2836 1334 2894 haec
1367 2833 1560 2911 palam
1589 2842 1648 2892 et
1680 2833 1791 2893 alia
1817 2844 2057 2906 secret0,
2090 2854 2194 2911 per

191 2951 337 3009 quae
375 2932 681 2993 ostendere
718 2932 1050 2991 credebatur
1082 2943 1303 2992 metum
1340 2951 1415 2992 ex
1450 2931 1706 2991 Tiberio.
1788 2936 1978 3008 neque
2011 2935 2194 2993 multo

191 3041 321 3109 post
354 3030 722 3106 extinguitur,
749 3031 971 3107 ingenti
1004 3032 1159 3090 luctu
1196 3030 1532 3109 provinciae
1569 3040 1628 3089 et
1668 3030 2194 3093 circumiacentium

139 3147 168 3191 3
191 3129 550 3206 populorum.
633 3128 926 3187 indoluere
973 3139 1201 3188 exterae
1245 3129 1512 3188 nationes
1556 3146 1871 3205 regesque:
1913 3137 2073 3188 tanta
2115 3131 2193 3189 illi

192 3228 428 3286 comitas
470 3225 532 3283 in
574 3227 782 3297 soci03‚
825 3227 1207 3286 mansuetudo
1250 3227 1312 3285 in
1353 3226 1571 3300 hostis3
1616 3227 1851 3302 visuque
1895 3236 1953 3285 et
1996 3228 2192 3287 auditu
2212 3254 2275 3301 30

192 3325 342 3383 iuxta
383 3325 738 3396 venerabilis,
774 3343 909 3383 cum
950 3325 1411 3400 magnitudinem
1452 3333 1509 3384 et
1549 3324 1891 3400 gravitatem
1934 3342 2192 3386 summae

194 3422 444 3481 fortunae
472 3423 753 3494 retineret,
784 3423 1059 3485 invidiam
1093 3432 1150 3482 et
1178 3423 1577 3499 adrogantiam
1608 3422 1899 3497 effugerat.

270 3526 364 3583 ¹73.
409 3519 604 3577 Funus
649 3520 772 3579 sine
813 3520 1161 3596 imaginibus
1202 3530 1259 3579 et
1300 3535 1519 3598 pompa
1559 3537 1661 3595 per
1702 3520 1898 3578 laudes
1946 3539 2016 3580 ac
2065 3540 2188 3581 me-
