2594 3925
261 243 388 284 Aa).
423 220 529 305 ²3·]
859 234 1093 283 LIBER
1133 234 1232 284 IV.
1282 234 1436 285 CAP.
1480 245 1655 302 9-13.
2152 243 2259 303 173

259 409 332 449 ac
376 389 568 468 Lygdi
608 391 928 468 patefactus
965 403 1068 453 est.
1150 410 1343 469 neque
1381 393 1688 469 quisquam
1727 393 1973 472 scriptor
2011 404 2132 454 tam
2170 394 2259 452 in-

258 487 463 549 fensus
506 490 703 563 extitit,
729 500 795 550 ut
830 490 1069 551 Tiberio
1109 492 1439 563 obiectaret,
1468 508 1603 550 cum
1641 493 1839 550 omnia
1871 492 1984 552 alia
2020 493 2262 570 conqui-

196 598 231 644 5
258 598 456 647 rerent
509 588 1000 666 intenderentque.
1081 589 1225 647 mihi
1271 589 1536 648 tradendi
1584 589 1975 668 arguendique
2019 593 2264 652 rumoris

256 704 443 745 causa
469 686 592 759 fuit,
621 696 684 746 ut
720 687 877 747 claro
906 689 1014 747 sub
1047 687 1318 764 exemplo
1359 686 1532 747 falsas
1565 687 1890 748 auditiones
1917 688 2263 767 depellerem

256 794 636 872 peteremque
677 786 755 844 ab
788 787 875 858 iis,
903 803 1152 863 quorum
1188 787 1251 844 in
1286 803 1496 845 manus
1534 802 1672 844 cura
1694 794 1909 845 ,nostra
1935 787 2169 859 venerit,
2199 808 2265 845 ne
2285 809 2314 860 5

256 883 553 960 divulgata
593 893 768 961 atque
805 884 1164 944 'incredibilia
1204 882 1369 943 avide
1396 892 1636 963 accepta
1664 883 1811 944 veris
1852 901 2045 961 neque
2069 884 2132 944 in
2157 885 2262 944 mi-

255 982 521 1041 raculum
563 983 845 1058 corruptis
886 981 1289 1042 antehabeant.

338 1086 434 1139 12.
477 1078 752 1140 Ceterum
797 1080 1070 1140 laudante
1117 1080 1297 1138 filium
1346 1097 1455 1157 pro
1503 1081 1709 1164 rostris·
1741 1080 1982 1141 Tiberio
2031 1091 2262 1142 senatus

257 1177 625 1257 populusque
668 1179 926 1237 habitum
974 1196 1044 1238 ac
1092 1197 1267 1237 voces
1315 1178 1614 1237 dolentum
1660 1179 2028 1239 simulatione
2074 1182 2262 1258 magis

258 1296 440 1355 quam
498 1277 684 1337 libens
743 1277 1034 1350 induebat,
1098 1276 1456 1354 domumque
1523 1275 1858 1337 Germanici
1919 1278 2264 1339 revirescere
2288 1302 2347 1338 10

193 1392 231 1437 2
258 1376 477 1436 occulti
503 1376 873 1436 laetabantur.
956 1374 1116 1453 quod
1142 1375 1491 1453 principium
1522 1374 1731 1434 favoris
1758 1385 1818 1435 et
1843 1386 2028 1435 mater
2054 1377 2263 1454 Agrip-

193 1491 229 1535 3
257 1476 400 1553 pina
440 1493 609 1551 spem
647 1475 802 1534 male
841 1484 1045 1551 tegens
1099 1473 1418 1550 perniciem
1465 1471 1879 1533 adceleravere.
1963 1493 2103 1534 nam
2158 1475 2262 1535 Se-

256 1573 427 1633 ianus
475 1574 574 1632 ubi
614 1572 766 1632 videt
818 1583 1069 1633 mortem
1109 1571 1288 1631 Drusi
1328 1570 1571 1630 inultam
1611 1571 2087 1647 interfectoribus,
2137 1574 2263 1633 sine

257 1689 525 1732 maerore
572 1671 805 1748 publico
855 1688 1001 1743 esse,
1046 1670 1210 1730 ferox
1258 1670 1559 1740 scelerum,
1607 1678 1667 1729 et
1714 1669 1850 1747 quia
1895 1672 2083 1746 prima
2129 1690 2264 1748 pro-

256 1780 555 1840 venerant,
587 1769 842 1830 volutare
883 1786 1100 1840 secum,
1143 1785 1405 1845 quonam
1447 1766 1630 1827 modo
1679 1766 2014 1828 Germanici
2049 1769 2261 1829 liberos
2283 1793 2340 1843 15

192 1878 232 1924 4
255 1877 619 1946 perverteret,
657 1885 904 1944 quorum
944 1885 1069 1926 non
1105 1865 1279 1925 dubia
1313 1865 1625 1926 successio.
1707 1883 1896 1943 neque
1938 1867 2132 1944 spargi
2167 1886 2263 1926 ve-

256 1986 480 2028 nenum
523 1967 585 2026 in
628 1977 741 2026 tres
795 1975 1040 2043 poterat,
1090 1966 1326 2042 egregia
1374 1964 1681 2026 custodum
1729 1965 1842 2025 fide
1891 1975 1950 2025 et
1991 1965 2265 2042 pudicitia

193 2079 230 2124 5
257 2066 618 2143 Agrippinae
649 2064 1065 2143 inpenetrabili.
1146 2065 1319 2141 igitur
1353 2063 1785 2124 contumaciam
1822 2064 1943 2123 eius
1979 2064 2263 2138 insectari,

256 2175 423 2225 vetus
463 2163 760 2240 Augustae
801 2162 1018 2236 odium,
1048 2172 1343 2222 recentem
1385 2161 1581 2221 Liviae
1615 2161 2033 2222 conscientiam
2065 2163 2263 2239 exagi-

256 2274 399 2336 tare,
440 2272 505 2322 ut
545 2262 851 2338 superbam
891 2260 1257 2336 fecunditate,
1301 2261 1608 2320 subnixam
1648 2259 2017 2337 popularibus
2060 2245 2260 2320 studiis
2285 2285 2344 2318 20

193 2369 233 2415 6
259 2361 483 2420 inhiare
524 2359 906 2419 dominationi
948 2359 1105 2437 apud
1146 2358 1462 2419 Caesarem
1502 2367 1824 2433 arguerent.
1907 2368 2078 2435 atque
2116 2358 2263 2419 haec

256 2459 480 2521 callidis
535 2457 1010 2530 criminatoribuS,
1067 2458 1213 2516 inter
1261 2475 1408 2533 quos
1457 2455 1746 2533 delegerat
1802 2455 2011 2515 Iulium
2058 2455 2263 2516 Postu-

258 2576 442 2630 mum,
484 2575 588 2633 per
626 2555 968 2616 adulterium
997 2554 1258 2614 Mutiliae
1286 2555 1518 2615 Priscae
1554 2555 1701 2614 inter
1740 2554 1979 2614 intimos
2015 2556 2176 2615 aviae
2207 2566 2266 2615 et

258 2655 521 2717 consiliis
572 2654 691 2713 suis
745 2652 1141 2731 peridoneum,
1192 2654 1327 2731 quia
1371 2652 1570 2712 Prisca
1616 2653 1679 2712 in
1727 2654 1924 2712 animo
1968 2653 2265 2730 Augustae

259 2755 467 2826 valida,
517 2769 694 2811 anum
741 2759 945 2829 suapte
989 2762 1196 2811 natura
1244 2750 1539 2829 potentiae
1587 2751 1823 2809 anxiam
1871 2750 2262 2810 insociabilem
2285 2776 2309 2809 2
2315 2775 2342 2824 5

201 2871 236 2920 7
262 2853 434 2912 nurui
486 2850 782 2910 efficiebat.
865 2848 1224 2927 Agrippinae
1276 2866 1511 2927 quoque
1565 2847 1818 2925 proximi
1869 2848 2266 2908 inliciebantur

259 2951 450 3029 pravis
491 2947 853 3008 sermonibus
895 2947 1150 3007 tumidos
1191 2946 1425 3024 spiritus
1464 2946 1873 3023 perstimulare.

344 3054 438 3108 13.
481 3046 563 3105 At
593 3045 862 3106 Tiberius
903 3044 1044 3104 nihil
1082 3045 1409 3105 intermissa
1448 3062 1640 3103 rerum
1682 3062 1833 3115 cura,
1876 3044 2111 3121 negotia
2156 3063 2264 3123 pro

263 3146 492 3208 solaciis
548 3144 857 3222 accipiens,
908 3144 997 3204 ius
1051 3144 1281 3214 civium,
1341 3160 1545 3222 preces
1600 3144 1895 3202 sociorum
1949 3143 2263 3215 tractabat;

264 3245 530 3322 factaque
572 3253 806 3303 auctore
850 3261 925 3302 eo
962 3252 1196 3302 senatus
1236 3242 1520 3311 consulta,
1553 3250 1618 3300 ut
1654 3240 1865 3300 civitati
1906 3239 2262 3316 Cibyraticae
2283 3264 2345 3312 30

266 3343 421 3420 apud
463 3342 681 3411 Asiam,
724 3340 997 3417 Aegiensi
1045 3340 1205 3418 apud
1244 3338 1551 3412 Achaiam,
1589 3346 1754 3396 motu
1795 3347 1975 3396 terrae
2017 3337 2261 3398 labefac-

203 3450 240 3496 2
266 3441 356 3513 tis,
386 3440 776 3498 subveniretur
816 3438 1154 3498 remissione
1196 3436 1391 3496 tributi
1433 3437 1493 3494 in
1534 3435 1863 3501 triennium,
1945 3444 2002 3494 et
2042 3435 2247 3494 Vibius

270 3536 536 3607 SerenuS,
591 3554 700 3612 pro
764 3533 1005 3595 consule
1063 3533 1347 3594 ulterioris
1404 3533 1742 3609 Hispaniae,
1804 3532 1878 3592 de
1926 3533 1982 3591 vi
2033 3526 2265 3609 publica
