2594 3925
403 267 507 322 192
845 252 1203 301 CORNELII
1246 252 1332 299 TA
1343 251 1500 301 cJTJ
1532 251 1949 301 ANNALJUM
2041 240 2253 324 [nuc.
2279 265 2401 319 779·

393 433 527 474 cum
583 413 829 490 legione,
882 431 982 470 rex
1042 410 1491 470 Rhoemetalces
1547 428 1683 469 cum
1725 412 1947 472 auxiliis
2003 415 2396 491 popularium,

393 513 491 588 qui
538 512 712 571 fidem
762 529 882 569 non
931 516 1309 579 mutaverant,
1350 526 1573 579 venere,
1624 509 1819 568 addita
1873 513 2166 586 praesenti
2216 514 2397 589 copia

322 659 325 662 ,
394 611 468 669 ad
515 610 744 670 hostem
785 608 985 685 pergit,
1031 607 1421 683 compositum
1466 606 1582 664 iam
1631 625 1734 683 per
1783 609 2076 684 angustias
2125 610 2395 669 saltuum.

393 709 626 785 quidam
675 708 978 767 audentius
1021 705 1235 782 apertis
1283 704 1345 761 in
1389 703 1632 762 collibus
1678 705 2025 777 visebantur,
2071 725 2223 783 quos
2273 709 2394 767 dux
2427 718 2470 763 2

340 830 368 880 5
393 807 692 866 Romanus
762 806 884 864 acie
947 820 1290 880 suggressus
1359 800 1514 859 haud
1578 820 1752 878 aegre
1813 803 2047 880 pepulit,
2104 807 2393 883 sanguine

391 906 767 965 barbarorum
800 902 1032 962 modico
1075 903 1155 960 ob
1195 899 1518 977 propinqua
1556 900 1821 976 suffugia.
1905 920 2046 960 mox
2090 904 2293 962 castris
2328 904 2392 962 in
2426 918 2468 962 3

391 1005 523 1064 loco
551 1002 921 1063 communitis
956 1000 1141 1060 valida
1182 1016 1361 1057 manu
1389 1007 1654 1056 montem
1695 1010 1960 1076 occupat,
1989 1011 2304 1077 angustum
2332 1013 2395 1061 et

391 1101 613 1178 aequali
642 1102 814 1160 dorso
843 1100 1181 1158 continuum
1206 1114 1392 1173 usque
1419 1094 1495 1154 ad
1522 1096 1852 1171 proximum
1881 1099 2195 1170 castellum,
2226 1100 2391 1177 quod

392 1217 609 1276 magna
640 1199 722 1256 vis
760 1208 976 1257 armata
1017 1205 1115 1255 aut
1150 1194 1449 1253 incondita
1482 1194 1761 1255 tuebatur.
1844 1195 2014 1254 simul
2051 1197 2111 1255 in
2146 1198 2391 1258 ferocis-
2420 1213 2466 1259 4

324 1322 377 1357 ιο
393 1300 586 1366 simoS,
630 1296 729 1374 qui
770 1305 903 1354 ante
941 1294 1153 1353 vallum
1193 1310 1358 1351 more
1400 1291 1587 1367 gentis
1628 1309 1763 1350 cum
1804 1294 2152 1354 carminibus
2193 1307 2254 1355 et
2293 1297 2393 1356 tri-

392 1395 579 1471 pudiis
632 1393 1037 1471 persultabant,
1086 1392 1258 1452 mittit
1314 1389 1570 1449 delectos
1626 1391 2065 1467 sagittariorum.
2150 1394 2192 1452 ii
2248 1393 2392 1453 dum
2422 1411 2462 1457 5

393 1492 616 1551 eminus
644 1494 1054 1569 grassabantur
1095 1490 1296 1550 crebra
1334 1498 1391 1548 et
1418 1487 1596 1546 inulta
1621 1489 1857 1548 vulnera
1885 1489 2104 1551 fecere:
2148 1494 2395 1569 propius

393 1591 727 1651 incedentes
766 1592 1065 1670 eruptione
1105 1589 1292 1648 subita
1332 1586 1541 1645 turbati
1583 1598 1715 1647 sunt
1755 1589 2085 1668 receptique
2127 1591 2394 1650 subsidio

394 1690 750 1767 Sugambrae
788 1690 1058 1762 cohortis
1088 1706 1263 1766 quam
1310 1685 1612 1745 Romanus
1654 1697 1985 1763 promptam
2022 1687 2099 1747 ad
2131 1689 2394 1765 pericula

317 1813 374 1862 15
391 1808 501 1849 nec
528 1790 718 1848 minus
746 1798 1017 1849 cantuum
1053 1798 1111 1848 et
1143 1802 1436 1846 armorum
1473 1784 1720 1842 tumultu
1744 1795 1966 1844 trucem
1993 1784 2148 1844 haud
2176 1787 2391 1882 prpcul

391 1888 745 1949 instruxerat.
1266 1899 1267 1902 ’

471 1995 576 2048 48.
620 1988 926 2048 Translata
960 1986 1169 2048 dehinc
1213 1996 1400 2046 castra
1436 1983 1664 2044 hostem
1702 1994 1951 2062 propter,
1979 1985 2190 2045 relictis
2227 1986 2390 2062 apud
2463 2054 2474 2060 ,

392 2087 580 2162 priora
613 2088 971 2147 munimenta
987 2086 1368 2156 ThraecibuS‚
1396 2101 1545 2161 quos
1577 2084 1745 2143 nobis
1773 2083 2022 2159 adfuisse
2053 2086 2392 2145 memoravi.

391 2185 572 2261 iisque
614 2186 958 2262 permissum
998 2196 1238 2257 vastare,
1265 2202 1446 2254 urere,
1476 2180 1697 2241 trahere
1734 2182 1996 2259 praedaS,
2028 2183 2163 2241 dum
2198 2202 2393 2260 popu·
2422 2197 2460 2241 2

315 2306 374 2341 20
392 2284 528 2341 latio
575 2282 762 2342 lucem
807 2284 958 2342 intra
1012 2285 1300 2344 sisteretur
1340 2292 1690 2357 noctemque
1745 2282 1805 2338 in
1855 2282 2055 2340 castris
2102 2291 2284 2341 tutam
2332 2292 2391 2340 et

390 2381 617 2458 vigilem
646 2392 1027 2458 capesserent.
1081 2383 1142 2442 id
1174 2383 1364 2460 primo
1395 2389 1715 2439 servatum:
1760 2397 1899 2439 mox
1931 2381 2073 2439 versi
2103 2381 2160 2438 in
2188 2381 2390 2439 luxum
2422 2395 2459 2440 3

391 2489 450 2538 et
491 2480 668 2557 raptis
715 2479 972 2557 opulenti
1026 2481 1286 2540 omittere
1336 2479 1627 2548 stationeS,
1670 2477 1900 2537 lascivia
1954 2478 2250 2555 epularum
2291 2488 2394 2538 aut

392 2595 601 2636 somno
630 2588 688 2636 et
712 2579 847 2638 vino
874 2580 1266 2656 procumbere.
1355 2577 1524 2653 igitur
1552 2577 1747 2635 hostes
1773 2576 1992 2634 incuria
2018 2594 2218 2636 eorum
2246 2595 2391 2635 con·
2419 2590 2463 2637 4

391 2684 552 2753 perta
580 2674 696 2735 duo
728 2676 964 2751 agmina
999 2685 1215 2753 parant,
1246 2692 1497 2753 quorum
1535 2672 1714 2733 altero
1752 2673 2121 2750 populatores
2156 2674 2392 2734 invade-

266 2822 273 2831 .
318 2796 374 2846 25
392 2783 599 2844 rentur,
655 2772 749 2831 alii
794 2783 980 2832 castra
1024 2773 1295 2833 Romana
1337 2773 1754 2848 adpugnarent‚
1795 2791 1916 2839 non
1958 2790 2062 2849 spe
2103 2773 2392 2855 capiendi,

394 2872 497 2930 sed
537 2880 604 2929 ut
632 2871 898 2942 clamore,
927 2871 1053 2930 telis
1094 2889 1200 2930 suo
1242 2871 1488 2948 quisque
1529 2870 1782 2947 periculo
1823 2870 2077 2930 intentus
2119 2888 2395 2929 sonorem

395 2970 621 3029 alterius
647 2969 848 3045 proelii
874 2987 996 3027 non
1040 2970 1342 3046 acciperet.
1428 2968 1696 3027 tenebrae
1734 2968 1967 3043 insuper
2004 2967 2260 3028 delectae
2289 2987 2396 3028 au-

395 3066 650 3144 gendam
697 3066 773 3125 ad
804 3065 1186 3125 formidinem.
1236 3066 1377 3143 ‘sed
1413 3067 1514 3141 qui
1549 3066 1760 3124 vallum
1803 3065 2101 3142 legionum
2144 3074 2397 3143 tempta·
2422 3082 2462 3128 5

395 3167 551 3237 bant,
600 3164 763 3222 facile
806 3163 1092 3240 pelluntur
1118 3183 1136 3235 ;
1187 3164 1521 3222 Thraecum
1571 3163 1776 3222 auxilia
1817 3163 2121 3240 repentino
2159 3164 2396 3223 incursu

321 3285 382 3333 30
399 3263 605 3333 territa,
635 3280 771 3321 cum
805 3279 941 3338 pars
978 3262 1394 3320 munitionibus
1432 3261 1776 3332 adiacerent,
1804 3261 1998 3337 plures
2038 3271 2198 3320 extra
2235 3262 2396 3337 pala·

398 3369 603 3429 rentur,
651 3368 812 3418 tanto
862 3357 1137 3417 infensius
1179 3360 1350 3430 caesi,
1403 3369 1620 3436 quanto
1662 3359 1937 3436 perfugae
1976 3369 2034 3418 et
2073 3358 2397 3436 proditores

401 3456 541 3514 ferre
570 3474 728 3514 arma
746 3455 821 3514 ad
849 3474 1019 3515 suum
1051 3456 1381 3533 patriaeque
1410 3457 1696 3515 servitium
1727 3457 2149 3515 incusabantur.

481 3559 591 3612 49.
633 3553 869 3613 Postera
909 3554 1001 3613 die
1046 3553 1296 3613 Sabinus
1351 3554 1665 3612 exercitum
1707 3572 1895 3630 aequo
1949 3553 2080 3615 loco
2122 3554 2398 3624 ostendit,
